4680 6334
431 637 517 722 ηε
1178 630 1287 726 raon,
1313 633 1402 727 spu
1429 629 1490 704 es.

429 921 670 1000 quibuscumque
690 922 870 994 consistant,
899 934 956 997 per
976 915 1130 981 districtus
1156 925 1247 996 atque
1274 917 1407 982 dominia
1435 926 1570 995 uestros,
1598 924 1660 982 tam
1688 932 1745 996 per
1777 925 1891 981 terram
1914 931 2066 998 quamque
2087 933 2140 999 per
2158 934 2246 998 aquas,

432 1055 538 1103 secure
559 1046 588 1102 et
610 1037 719 1114 libere,
749 1037 865 1116 ubsque
886 1035 989 1113 alique
1011 1035 1166 1100 invasione
1188 1045 1218 1098 et
1240 1035 1369 1112 offensa,
1394 1039 1523 1100 oausire
1544 1044 1574 1100 et
1595 1035 1670 1099 iuibi
1691 1043 1773 1100 stare
1795 1037 2038 1112 cicestrensem,
2068 1035 2202 1102 accedere
2226 1047 2248 1102 et
2328 1053 2329 1130 t

434 1157 503 1222 iude
532 1155 686 1232 recedere,
715 1171 751 1219 ac
771 1157 809 1224 ‚iu
837 1154 1013 1218 memoratis
1040 1154 1153 1220 uostris
1181 1154 1300 1218 civitate
1329 1162 1358 1216 et
1386 1153 1572 1218 districtibus
1598 1154 1841 1232 quibuscumque
1871 1153 1997 1217 liberam
2027 1153 2250 1218 mercandismdi
2328 1133 2329 1184 t

434 1275 624 1350 facultatem,
654 1289 739 1338 more
761 1288 1022 1352 quorumcumque
1044 1271 1174 1335 eborum
1197 1281 1416 1350 mercatorum,
1444 1272 1556 1338 babere
1577 1273 1696 1354 possint
1718 1281 1748 1336 et
1769 1272 1899 1336 ualeant.
1940 1271 2004 1352 Qui
2028 1272 2148 1352 quidem
2168 1281 2251 1336 noster
2327 1241 2329 1284 ⁵

434 1394 536 1458 saltus
558 1391 726 1458 conductus
748 1390 942 1458 inchoabitur
970 1399 999 1454 et
1025 1390 1148 1471 incipiet
1180 1392 1209 1454 in
1239 1390 1345 1455 diebus
1374 1391 1488 1454 sanctis
1517 1390 1713 1470 paschalibus
1741 1391 1880 1471 proxime
1902 1389 2028 1467 luteris,
2058 1391 2098 1455 ad
2120 1390 2251 1454 biennium

434 1511 605 1578 immediate
624 1514 758 1589 sequeus
779 1512 896 1592 integre
917 1509 1092 1573 duraturus.
1137 1507 1334 1588 Quapropter
1352 1509 1586 1588 committimus,
1609 1509 1743 1574 districte
1764 1511 1976 1590 percipientes,
1998 1511 2139 1574 omuibus
2159 1518 2186 1573 et
2203 1512 2251 1573 siu·
2327 1489 2329 1568 i

434 1631 517 1712 gulis
539 1630 653 1694 nostris
674 1626 871 1704 officialibus,
900 1626 1071 1704 advocetis,
1101 1626 1270 1692 rectoribus
1292 1633 1321 1690 et
1342 1625 1487 1703 subditis,
1517 1627 1732 1706 cuiuscumque
1753 1635 1850 1692 status
1872 1635 1903 1691 et
1923 1626 2112 1692 condicionis
2133 1629 2252 1704 existant,
2328 1705 2329 1714 ἵ

433 1758 466 1811 ut
482 1746 597 1813 dictum
613 1755 750 1812 nostrum
767 1746 887 1812 saluum
903 1744 1084 1810 conductum
1106 1744 1231 1813 tirmiter
1253 1754 1282 1808 et
1302 1744 1527 1823 iuviolabiliter,
1550 1747 1636 1810 omui
1656 1746 1871 1827 impedimento
1893 1754 2040 1824 cessante,
2061 1745 2214 1810 observent
2230 1755 2252 1808 et

434 1872 565 1942 teneant,
587 1865 742 1930 observari
764 1872 794 1928 ct
815 1865 910 1930 teucri
931 1861 1058 1938 famant,
1087 1879 1141 1928 oec
1168 1881 1186 1927 a
1215 1879 1368 1944 quoquam
1396 1861 1522 1946 infringi
1543 1874 1595 1928 cut
1617 1864 1724 1928 violari
1746 1866 1920 1944 permittant
1941 1863 2155 1944 quovismodo,
2181 1880 2252 1942 quem
2328 1883 2329 1890 ¹

433 1986 532 2048 eciam
553 1991 583 2048 et
605 1999 661 2048 uos
683 1982 832 2059 similiter,
855 1989 886 2046 vt
907 1983 1100 2062 premittitur,
1122 1981 1249 2046 tirmiter
1269 1988 1299 2044 et
1321 1981 1532 2046 iuviolabiliter
1554 1982 1693 2048 uolumus
1714 1983 1888 2048 observare.
1932 1980 1964 2044 iu
1987 1999 2118 2059 quorum
2139 1986 2252 2046 omniurn

436 2103 655 2179 testimouium,
682 2101 826 2168 iussimus
853 2110 883 2164 ct
908 2099 1035 2171 fecimus
1063 2100 1119 2166 bas
1140 2108 1260 2166 nostras
1282 2107 1420 2181 patentes
1441 2100 1564 2179 literas,
1599 2107 1704 2166 uostm
1725 2100 1829 2184 sigilio
1850 2100 2042 2179 presentibus
2070 2103 2253 2180 subappeuso,

434 2223 608 2304 consignari
630 2236 667 2284 ao
689 2219 881 2284 communiri.
914 2217 978 2284 Sub
1001 2235 1083 2284 aueo
1099 2218 1219 2284 Domini
1241 2217 1405 2284 millesimo
1421 2218 1719 2304 quadringentesimo
1741 2220 1930 2302 seropesimc
1952 2220 2069 2298 quinto,
2091 2220 2141 2283 die
2157 2219 2253 2294 uaris,

435 2341 577 2404 vicesima
600 2339 694 2406 tercia
714 2338 827 2402 mensis
849 2337 974 2418 Aprilis.

439 2591 534 2680 CX.
580 2597 704 2700 Klioip
726 2596 898 2676 Edecord
920 2596 945 2674 l
949 2595 986 2674 V.
1010 2621 1084 2676 coo
1106 2535 1290 2700 lioptacus
1310 2597 1538 2700 nersprt'cbl,
1570 2603 1679 2678 scine
1706 2596 1933 2679 Gesmtdloo
1952 2597 2057 2676 caet
2080 2596 2256 2698 Hombttrp

757 2739 760 2746 ’
1004 2772 1053 2827 stt
1082 2749 1241 2829 scotico.
1303 2747 1420 2852 1465,
1451 2747 1565 2854 April
1591 2749 1655 2829 25.
1675 2749 1711 2852 ¹)

593 2928 781 3007 Edwardus,
809 2927 864 2994 liei
893 2931 997 3012 gracia
1019 2928 1082 2994 lter
1104 2927 1215 3011 angue
1241 2937 1271 2994 ct
1292 2929 1418 2995 qucie
1445 2940 1474 2994 et
1494 2930 1643 2995 Dominus
1663 2929 1821 3009 ilibernic,
1851 2932 2069 3010 spectabilibus
2096 2939 2127 2996 et
2147 2927 2257 3012 megbis

440 3050 524 3127 viris,
546 3047 783 3112 Proconsulibus
799 3055 829 3112 et
844 3044 1026 3111 Consulibus
1042 3049 1171 3114 civitotis
1187 3046 1436 3132 llemburpeusis,
1464 3051 1571 3117 amicis
1588 3052 1699 3114 costus
1720 3051 1896 3129 carissimis,
1917 3050 2058 3114 salutem.
2093 3047 2258 3132 Spectabilcs

440 3165 512 3229 viril
549 3164 674 3232 Vestras
694 3167 800 3232 literas
821 3163 908 3229 datas
931 3182 969 3228 ex
989 3163 1179 3250 llamburgb,
1200 3166 1286 3230 lllll⁰
1311 3167 1417 3231 Marcii
1438 3169 1592 3245 uuusacti,
1615 3169 1794 3248 recepimus,
1816 3168 1926 3247 quibus
1947 3169 2107 3233 dissuasus
2129 3176 2172 3232 est
2191 3168 2259 3228 locus

440 3284 589 3365 Traiecti,
618 3287 650 3348 iu
676 3285 746 3350 aliis
767 3284 1005 3362 literisuostris
1028 3293 1230 3363 memoratus,
1261 3301 1319 3365 pro
1340 3286 1421 3350 dieta
1443 3284 1643 3364 celebranda,
1670 3303 1761 3366 quem
1788 3287 1970 3367 putabamus
1996 3288 2260 3350 couvenientemet

439 3413 470 3467 et
491 3419 671 3486 congruum.
716 3401 777 3468 Sed
799 3405 871 3482 quia
894 3404 1001 3466 vestris
1028 3403 1267 3468 discreciouibus
1296 3404 1464 3468 consultius
1486 3401 1619 3482 videtur,
1653 3403 1789 3486 quodie
1815 3405 1937 3468 ciuitate
1957 3403 2178 3487 llamburgensi
2197 3402 2259 3464 dieta

440 3529 589 3598 teneatur,
612 3523 652 3586 ob
674 3537 782 3586 musas
803 3538 862 3601 que
883 3522 971 3585 uobis
993 3520 1145 3584 declarate
1166 3529 1251 3599 suut,
1275 3539 1330 3587 uos
1353 3523 1466 3587 boouru
1488 3537 1648 3586 commuue
1671 3528 1774 3586 nostre
1794 3524 1931 3602 opinioei
1953 3529 2156 3601 preponentes
2176 3537 2260 3584 asseu-

442 3643 550 3718 timus,
578 3639 660 3723 quod
682 3643 713 3702 io
737 3638 791 3706 illu
813 3645 912 3704 vestra
934 3640 1053 3704 ciuitate
1075 3647 1214 3710 oratores
1236 3639 1373 3720 parcium
1395 3647 1501 3712 mutuo
1522 3655 1556 3704 se
1577 3641 1740 3712 invenient.
1784 3639 1843 3704 Pro
1865 3641 1953 3709 uobis
1975 3641 2126 3710 bonarum
2148 3637 2260 3704 condici-

441 3775 534 3822 onum
557 3761 639 3822 tirus
660 3759 909 3832 transmittemus,
931 3758 984 3836 qui
1006 3757 1036 3820 iu
1059 3755 1136 3820 lesio
1158 3759 1254 3820 saucii
1269 3756 1386 3836 iacobi,
1410 3765 1442 3820 ut
1462 3759 1585 3836 optatis,
1608 3759 1648 3822 ibi
1665 3756 1802 3833 ederunt,
1825 3759 1851 3821 si
1873 3766 1976 3836 pateat
1997 3759 2116 3824 viarum
2134 3759 2259 3820 securitas

443 3883 542 3940 vestre
563 3874 726 3957 diligencia
749 3873 887 3950 obtecta;
910 3878 1004 3938 etsie
1027 3890 1080 3940 eos
1101 3877 1264 3938 instructos
1286 3872 1480 3953 dimittemus,
1503 3873 1584 3954 quod
1608 3875 1730 3939 miuime
1752 3874 1839 3938 uobis
1861 3875 2071 3954 imputabitur,
2095 3879 2121 3940 si
2142 3894 2177 3940 ex
2196 3875 2260 3939 dieta

442 3993 497 4058 illa
518 3992 641 4058 euectus
663 3992 796 4070 optimus
825 4007 886 4056 uuo
913 3989 1005 4056 luerit
1026 3995 1196 4060 insecutuse
1226 3991 1397 4058 aduisautes
1427 3991 1599 4058 nobilitates
1628 4001 1761 4070 vestros,
1791 3992 1914 4072 quaudo
1945 4010 1982 4056 ex
2011 4002 2101 4073 parte
2129 3997 2260 4057 civitatum

444 4111 545 4176 llaose
572 4111 731 4176 rembsum
758 4111 893 4177 tmuium
921 4109 1175 4188 intellexerimus,
1204 4125 1329 4174 coosom
1351 4109 1450 4188 dabit,
1487 4111 1568 4188 quod
1599 4109 1753 4188 uoluntas,
1782 4127 1842 4189 qua
1869 4127 1948 4176 nuuc
1978 4126 2101 4191 sumus,
2132 4109 2259 4193 frigescet.

443 4227 567 4298 Salvum
590 4227 771 4296 conductum
793 4243 851 4312 pro
873 4227 981 4294 restris
1002 4245 1040 4293 ex
1062 4227 1172 4294 bamus
1195 4229 1304 4294 uuoclo
1326 4230 1495 4309 recipietis,
1518 4228 1647 4294 similem
1669 4228 1731 4306 illi,
1760 4243 1850 4307 quem
1872 4228 1911 4294 ad
1934 4245 1991 4296 nos
2013 4245 2069 4309 pre
2093 4231 2199 4294 nostre
2219 4227 2261 4290 oi·

444 4349 538 4416 sistis.
581 4345 619 4413 lit
639 4347 711 4425 uuio
731 4344 914 4416 lubicenses
935 4345 1028 4412 altum
1051 4353 1174 4425 optant,
1197 4347 1429 4414 transmittimus
1450 4363 1571 4426 quoque
1591 4345 1681 4414 illum
1700 4345 1947 4424 deliberandum,
1969 4348 1996 4410 ei
2018 4347 2150 4414 similem
2171 4345 2261 4410 nuccio

444 4483 502 4545 pro
524 4465 636 4534 uostris
658 4467 849 4545 consignent.
893 4463 975 4528 licus
991 4479 1052 4532 uos
1073 4465 1189 4545 optimo
1210 4471 1309 4532 servet
1329 4470 1420 4542 stetu,
1443 4465 1495 4544 qui
1518 4465 1620 4530 omnio
1642 4472 1752 4544 potest.
1795 4463 1841 4530 lix
1862 4463 1982 4550 palacio
2004 4474 2112 4534 nostro
2134 4465 2262 4528 wmoe

444 4583 578 4660 casterii,
600 4591 706 4652 nostro
727 4581 784 4646 sub
806 4580 919 4663 sigillo,
943 4584 1056 4650 mensis
1077 4581 1194 4663 Aprilis
1214 4581 1264 4650 die
1286 4582 1426 4648 uicesima
1449 4583 1565 4661 quinta,
1589 4597 1668 4648 anuo
1690 4583 1776 4662 regni
1798 4585 1894 4646 uestri
1914 4583 2030 4660 quinto.

1899 4699 2073 4768 Edwardus
2095 4699 2132 4766 lt.

598 4815 642 4882 lo
665 4815 787 4884 dorso:
818 4815 1043 4899 spectabilibus
1063 4826 1093 4885 et
1114 4819 1246 4902 egregiis
1268 4821 1351 4897 viris,
1374 4817 1610 4886 proconsulibus
1633 4828 1662 4885 et
1683 4817 1867 4886 Consulibus
1889 4819 2018 4884 ciuitatis
2032 4815 2261 4900 bambergensis,

445 4937 551 5002 amicis
573 4937 685 5002 oosuis
706 4936 885 5004 carissimis.

607 5303 629 5370 Ι)
656 5303 717 5360 dus
734 5305 795 5358 dem
813 5305 1105 5370 muloti-schemen
1124 5309 1173 5362 des
1190 5308 1411 5374 uamborgtsoiec
1429 5309 1565 5366 mures.
