4716 6330
425 632 483 716 ts
1209 623 1326 720 1417,
1345 623 1480 700 runt.

425 915 586 994 Aldnncia,
609 931 685 980 vxor
705 916 781 992 eins,
802 929 861 994 pro
881 927 914 977 se
936 919 966 976 ct
986 909 1115 990 heredes
1135 925 1209 974 suos
1229 927 1285 990 per
1305 917 1471 993 presentes,
1493 908 1576 990 quod
1599 909 1674 974 bone
1696 909 1798 986 licebit
1818 849 2080 992 uduollioarriu
2096 909 2240 992 boldai,

2334 955 2338 1058 l

427 1034 590 1102 heredibus
618 1043 648 1097 ct
675 1033 841 1116 assifflatis
865 1034 947 1109 suis,
979 1029 1150 1108 predictum
1178 1037 1381 1094 tenementum
1411 1043 1481 1094 cnm
1507 1028 1587 1110 layo
1614 1027 1772 1092 annuum
1793 1037 1824 1093 et
1841 1031 1908 1094 suis
1928 1029 2115 1108 perduenu‘ia
2135 1031 2242 1110 urimo
2337 1101 2338 1122 ,

426 1163 456 1219 et
473 1156 572 1233 quiete
588 1149 706 1216 babere'
716 1159 745 1216 et
760 1160 863 1214 tencre
880 1167 898 1212 a
916 1149 975 1212 tine
991 1147 1197 1229 predictorum
1216 1148 1321 1230 uiginti
1339 1163 1499 1224 annorum,
1518 1162 1677 1228 quomque
1691 1145 1772 1212 idem
1787 1146 1935 1212 Ricardum
1946 1146 2243 1225 substinuerunt

426 1271 474 1336 rel
495 1272 712 1356 maguntiaci
733 1272 926 1350 perceperint
946 1267 992 1330 vel
1015 1268 1185 1347 perceperit
1206 1265 1329 1348 ungula
1350 1266 1487 1348 costuma
1509 1273 1541 1329 et
1561 1281 1712 1346 expensus
1732 1264 1830 1330 factm
1850 1281 1907 1346 per
1925 1263 2078 1346 preturium
2099 1264 2243 1332 Ricardum

424 1388 592 1466 Bokeleud,
614 1387 742 1454 beredes
764 1387 811 1450 vel
832 1389 1003 1470 amigdalus
1019 1401 1092 1450 suos
1109 1401 1167 1465 pro
1183 1385 1312 1468 singulis
1325 1384 1416 1448 nouis
1432 1383 1676 1450 cdibcudonibus
1693 1384 1839 1462 predictis
1853 1401 1891 1448 au
1909 1385 2018 1448 setteis
2033 1383 2244 1450 rationabilibus

426 1509 571 1590 custagiis
593 1507 663 1573 inde
685 1506 834 1587 appositis
856 1513 885 1568 et
906 1503 993 1568 iscus
1015 1520 1070 1584 per
1092 1503 1260 1584 predictum
1281 1502 1444 1568 Ricardum
1462 1501 1628 1579 Bolseland
1650 1502 1777 1566 heredes
1796 1503 1843 1566 rel
1859 1504 2031 1584 ssdgnarss
2052 1518 2134 1581 snos,
2155 1502 2244 1581 aliquo

426 1635 561 1706 tempore
583 1623 760 1688 eorumdem
781 1623 885 1707 viginti
908 1637 1056 1686 annornm
1078 1621 1215 1702 predicto
1238 1629 1405 1685 tenemento
1435 1637 1503 1685 cunr
1524 1622 1606 1701 kayo
1628 1620 1787 1684 adiaeente.
1802 1638 1840 1684 ac
1861 1622 1970 1684 emeris
1990 1620 2053 1684 suis
2073 1621 2244 1698 pertinentiis

427 1743 466 1806 sd
488 1751 608 1808 centum
630 1742 746 1808 solidos
767 1742 979 1823 sterlingorum
1009 1756 1066 1820 per
1086 1756 1198 1806 annum
1221 1745 1405 1819 computato.
1450 1738 1487 1802 Et
1507 1739 1661 1820 predictus
1682 1738 1830 1804 Ricardus
1851 1738 2008 1803 Boleland
2028 1755 2134 1802 omncs
2152 1739 2244 1802 domos

426 1877 481 1926 sen
502 1860 619 1926 cdibcia
643 1859 803 1929 uncmenti
823 1859 950 1939 predicti
978 1860 1009 1921 in
1031 1861 1111 1922 bono
1133 1867 1213 1938 statu
1236 1858 1441 1922 custodietur
1464 1865 1570 1924 conns
1592 1865 1713 1922 rentum
1735 1865 1765 1920 et
1787 1855 1925 1936 pluuium
1947 1855 2140 1920 defendbilee
2160 1856 2244 1932 facist,

353 2027 358 2037 .
426 1980 597 2057 sumptibus
619 1980 683 2042 suis
704 1979 837 2058 propriis
860 1986 888 2041 et
910 1979 1069 2058 expensis,
1098 1977 1226 2048 durante
1252 1983 1315 2039 toto
1338 1977 1467 2043 termino
1490 1974 1573 2054 quod
1594 1974 1691 2038 dictus
1714 1973 1861 2038 murno
1882 1973 2039 2041 Boltcluud
2062 1981 2245 2038 teu-cuturn

425 2097 594 2178 predictum
617 2105 717 2159 unere
739 2097 908 2178 contigerit,
931 2102 1106 2176 tenpestate
1126 2092 1265 2158 borriiiti
1288 2101 1319 2156 ct
1339 2095 1409 2175 igne
1432 2092 1532 2156 alieno
1553 2091 1712 2158 dumtantu
1732 2093 1876 2173 exceptis.
1909 2090 2006 2158 Sctsi
2021 2091 2141 2171 elimas
2155 2091 2245 2156 domos

424 2231 478 2279 seu
501 2212 617 2278 edificia
640 2215 799 2278 tenementi
821 2212 986 2293 supradicti
1009 2231 1078 2278 cum
1099 2215 1180 2296 tayo
1203 2213 1359 2276 adnnente
1380 2227 1416 2274 ac
1437 2212 1544 2286 actoru
1566 2213 1631 2274 suis
1650 2213 1840 2291 pertinentiis
1860 2211 1988 2275 dmmte
2010 2211 2137 2274 termino
2158 2211 2246 2291 riqu'nti

426 2348 574 2397 annornm
597 2331 634 2395 de
663 2347 743 2394 nouo
772 2333 907 2398 construi
936 2348 989 2395 sen
1016 2332 1148 2394 edificari
1178 2330 1353 2412 contigerit,
1384 2337 1455 2392 tnnc
1482 2327 1612 2407 predicti
1633 2329 1768 2394 Thomas
1789 2327 1925 2391 Fierrers
1946 2335 1976 2390 et
1997 2325 2160 2405 Alduncia,
2185 2343 2246 2390 rior

424 2453 502 2526 eius,
530 2448 656 2512 heredes
679 2456 708 2511 et
729 2449 944 2530 assignationi
965 2449 1085 2530 singula
1106 2449 1244 2532 cnstagia
1271 2454 1301 2508 ct
1322 2461 1470 2526 expensas
1492 2445 1665 2510 huiusmodi
1686 2447 1858 2525 sumptibus
1879 2461 1983 2510 eorum
2005 2449 2142 2527 propriis
2161 2453 2188 2508 et
2207 2463 2248 2508 er·

425 2567 528 2646 peusis
551 2565 775 2645 supportarunt
800 2573 830 2627 st
858 2564 969 2628 lenient
997 2567 1112 2644 absque
1139 2564 1243 2644 aliqua
1271 2563 1421 2626 dilacione
1449 2579 1503 2626 seu
1532 2563 1782 2628 contradictione.
1823 2563 1856 2627 ln
1880 2565 1973 2628 ‚cuius
1994 2566 2038 2627 rei
2060 2565 2247 2631 testimouium

424 2691 530 2763 partes
556 2682 691 2763 predicto
717 2682 855 2760 partibus
882 2681 971 2743 buius
998 2681 1156 2744 indentnre
1182 2681 1360 2762 sigillasse
1383 2680 1552 2742 alternatim
1579 2689 1799 2761 apposuerunt.
1843 2681 1953 2744 [latum
1981 2681 2126 2760 bondou,
2155 2690 2247 2760 quarto

426 2801 476 2864 die
498 2803 611 2864 mensis
632 2799 724 2876 lunii,
747 2815 828 2862 anno
849 2803 935 2882 regni
957 2801 1039 2880 regis
1060 2797 1181 2861 Henmci
1203 2801 1299 2877 quinti
1317 2805 1392 2878 post
1413 2805 1611 2877 conquestum
1632 2801 1748 2876 quinto.

425 3004 567 3088 LXV.
619 3007 784 3088 tunam
813 3005 989 3107 Ferreus,
1021 3007 1169 3112 sinape,
1207 3006 1290 3088 uod
1319 3004 1528 3106 Aldemcr'm
1559 3010 1669 3086 ccicc
1698 3003 1889 3108 Ebefron,
1927 3006 2146 3112 bestmiqcu
2176 3007 2248 3086 doru

426 3159 472 3240 ld
498 3147 715 3259 Bolrelnod,
755 3158 811 3236 W.
838 3156 965 3238 Oldcrr
994 3159 1075 3237 uod
1103 3158 1150 3236 lt.
1178 3157 1358 3264 lloysord
1386 3159 1447 3238 ibr
1474 3181 1560 3237 eom
1584 3155 1773 3260 Bisclrose
1801 3181 1875 3236 cors
1902 3155 2080 3238 Noricicls
2108 3156 2247 3239 uselli

632 3310 762 3389 loebe
791 3309 1069 3390 uberlosscrscs
1101 3308 1353 3388 Grumdstllcls
1381 3310 1463 3388 nuel
1493 3307 1582 3415 Kop
1610 3315 1651 3388 tc
1689 3307 1912 3416 Wyudcpos
1940 3309 2060 3390 Luce.

1196 3459 1311 3562 1417,
1342 3463 1435 3542 Jnor'
1456 3460 1494 3538 ll.

581 3625 684 3690 Sciant
704 3633 864 3704 presentes
884 3634 915 3688 et
937 3624 1039 3702 bituri,
1063 3625 1144 3704 qnod
1161 3638 1220 3689 uos
1233 3624 1367 3688 Thomas
1383 3624 1515 3700 Ferreus,
1538 3625 1682 3706 armiger,
1706 3633 1735 3688 et
1751 3624 1910 3702 Alduncia,
1933 3641 2010 3688 vxor
2030 3641 2110 3702 mea,
2132 3623 2250 3688 rusniui

428 3760 553 3810 assensu
576 3752 605 3807 et
627 3744 780 3838 voluntate
801 3742 949 3822 dedimus,
973 3744 1177 3806 concessimus
1199 3751 1228 3804 et
1249 3742 1308 3804 bac
1329 3743 1462 3820 presenti
1488 3738 1499 3823 ΙΙ
1526 3749 1610 3804 caru
1633 3750 1737 3805 nostra
1754 3742 2002 3806 conflrmanimns
2020 3743 2150 3808 llicardo
2167 3741 2249 3804 bote

427 3861 514 3939 laud,
537 3864 596 3925 cini
620 3871 648 3924 et
670 3863 841 3941 piscenario
863 3859 1010 3939 Loudon,
1032 3859 1189 3924 Willelmo
1208 3858 1307 3924 Olden
1329 3868 1359 3922 et
1380 3858 1500 3942 lloqero
1517 3858 1667 3940 Twylord
1690 3866 1785 3924 tourrn
1806 3861 1882 3926 illud
1903 3869 2107 3926 tenementum
2127 3869 2249 3925 nostrum
2342 3889 2343 3902 2

425 3997 494 4044 cnm
516 3981 596 4060 liupo
624 3978 635 4060 ΙΙ
671 3977 690 4058 (
698 3975 771 4043 Dus
795 3975 960 4066 Folperrdc
986 3977 1048 4044 soie
1069 3978 1115 4045 im
1136 3975 1372 4044 cornotensis
1393 3975 1614 4044 Docrnnorrteu
1637 3976 1716 4059 bis)
1741 3977 1913 4042 babendum
1935 3987 1965 4042 et
1985 3979 2147 4044 tenendum
2167 3985 2249 4041 totum

426 4093 595 4177 predictum
623 4103 823 4160 tenementum
846 4111 914 4159 cnm
937 4098 1018 4178 layo
1040 4097 1195 4160 adiacente
1217 4113 1253 4160 ac
1276 4111 1344 4159 curn
1367 4097 1507 4160 omnibns
1529 4097 1597 4160 altis
1620 4097 1898 4174 commoditatibus,
1932 4099 2118 4162 aisiamentis
2143 4105 2173 4160 et
2190 4111 2250 4174 per·

428 4217 561 4280 tinentiis
583 4215 727 4298 predictis
750 4224 916 4279 tenemento
939 4223 969 4278 et
989 4216 1073 4295 layo
1091 4215 1352 4294 qualitercumque
1372 4215 1592 4295 pertinentibus
1613 4214 1741 4295 prelmis
1762 4214 1891 4278 Ricardo
1914 4213 2085 4292 Botetand,
2108 4213 2250 4277 willelmo

428 4332 527 4397 Olden
550 4343 579 4397 et
600 4333 719 4416 llogero
741 4332 903 4413 Twylord,
932 4333 1094 4396 beredibns
1115 4341 1145 4396 et
1167 4333 1328 4416 assignatis
1350 4334 1413 4397 suis
1436 4333 1540 4410 libere,
1568 4335 1679 4412 quiete,
1706 4335 1832 4414 integre,
1856 4334 1931 4396 bene
1953 4342 1982 4396 et
2003 4335 2033 4394 in
2056 4351 2133 4414 pace
2152 4335 2251 4408 imper-

427 4461 569 4533 petnnm,
603 4450 640 4514 de
663 4453 844 4530 capitalibus
866 4451 996 4516 dominis
1017 4449 1098 4514 leodi
1124 4450 1207 4514 illins
1228 4467 1285 4529 per
1306 4453 1429 4516 sordida
1451 4451 1521 4516 inde
1543 4449 1642 4515 debita
1665 4459 1694 4513 et
1716 4449 1754 4514 de
1775 4453 1841 4514 inre
1863 4458 2016 4515 consueta.
2060 4450 2098 4514 Et
2119 4465 2173 4514 nos
2192 4463 2252 4526 pre

428 4571 499 4634 dicti
521 4569 653 4633 Tbomas
675 4579 705 4632 et
726 4569 883 4646 bldnncia,
908 4585 983 4632 rror
998 4585 1075 4645 mea,
1099 4578 1128 4632 et
1146 4569 1272 4634 heredis
1290 4573 1386 4635 nostri
1405 4578 1499 4633 totum
1516 4568 1686 4648 predictum
1703 4577 1905 4632 tenementum
1922 4584 1992 4632 cum
2010 4569 2092 4650 layo
2111 4569 2251 4632 adiacente

427 4707 463 4752 ac
490 4703 559 4752 cum
580 4689 720 4752 omnibns
743 4688 811 4751 aliis
833 4687 1112 4766 commoditatibus,
1146 4689 1331 4754 aisiameutis
1353 4697 1382 4751 et
1403 4689 1590 4767 pertinentiis
1613 4687 1755 4768 predictis
1777 4695 1945 4750 tenemento
1967 4697 1997 4751 et
2016 4688 2100 4768 layo
2121 4684 2251 4766 qualiter-

427 4823 557 4885 cumque
585 4807 805 4884 perlinentibus
832 4804 959 4884 prelatis
981 4803 1112 4869 liicerdo
1135 4805 1306 4884 lloltelaud,
1340 4805 1499 4870 Willelruo
1519 4805 1618 4868 Oldea
1647 4813 1677 4868 ot
1704 4805 1824 4888 liugero
1846 4803 2013 4885 Twylord,
2047 4805 2203 4868 beredibns
2226 4805 2252 4861 et

427 4925 589 5006 assignatis
618 4927 681 4986 suls
710 4931 814 4986 conns
842 4939 947 4990 omnes
975 4933 1080 5007 genem
1101 4925 1370 4990 warantiaabimns
1396 4933 1425 4987 el
1453 4923 1649 4988 defendemus
1677 4927 1910 5005 imperpetuum.
1954 4923 1986 4986 ln
2009 4926 2095 4987 cuins
2117 4924 2158 4985 rei
2178 4919 2252 4982 testi·

427 5043 564 5105 monium
593 5041 662 5103 hnic
688 5043 822 5122 presenti
848 5049 931 5106 rorte
959 5051 1060 5107 nostre
1087 5040 1189 5126 sigilla
1219 5051 1323 5108 nostra
1346 5045 1561 5122 apposuimus,
1595 5041 1724 5107 Heumco
1745 5042 1871 5118 mmor,
1905 5051 1977 5108 tunc
1997 5042 2114 5106 naurs
2133 5036 2252 5104 ciuitatis

427 5159 563 5222 wadon.
592 5157 728 5222 boberto
752 5159 949 5242 Wodyngton
983 5169 1014 5224 et
1038 5160 1178 5225 iohanne
1203 5159 1368 5239 Corcntre,
1405 5169 1476 5224 tunc
1507 5162 1734 5226 vicecomitibus
1764 5161 1899 5225 eiusdem
1926 5162 2092 5236 enitens,-
2111 5153 2251 5221 auberto

428 5277 569 5354 Wotton,
604 5267 681 5342 tunc'
703 5277 785 5342 illins
814 5277 920 5344 warde
941 5277 1150 5343 aldermunno.
1194 5277 1258 5344 iliis
1283 5281 1425 5344 testibus:
1468 5280 1606 5348 lenense
1629 5280 1786 5356 Brekeles,
1819 5279 1955 5347 lobanno
1976 5278 2153 5360 Bpttemn,
2185 5289 2251 5356 pen·
