4716 6330
648 649 1428 749 mmmmwmmm
1635 746 1651 774 κ
1899 661 1956 742 m

114 955 322 1040 mxxvi.
368 959 492 1063 Kboip
512 956 642 1061 Horou
668 957 727 1038 Vl.
752 986 805 1039 oo
831 960 894 1040 dio
913 961 1103 1041 «dorsete
1124 960 1272 1061 Hense,
1306 959 1521 1064 bolrcffeod
1540 963 1710 1068 ailulfo
1737 966 1807 1046 der
1831 967 1953 1047 duola

186 1115 274 1194 ilvre
301 1113 528 1194 Gesoodtoo
552 1111 614 1192 doe·
635 1112 712 1193 ilem
735 1112 1042 1219 corgedrccltloo
1062 1113 1357 1194 Beecbtcerdeu.
1417 1115 1535 1217 1t35,
1567 1116 1742 1198 Februor
1764 1107 1828 1198 121
1846 1119 1882 1221 ¹)

268 1293 425 1371 liert-ricus,
447 1293 502 1358 Dei
524 1296 629 1376 gracia
650 1307 706 1358 rex
725 1291 839 1375 Anglie
858 1303 887 1358 et
908 1294 1034 1361 Francis
1056 1303 1086 1358 et
1106 1294 1248 1360 dominos
1269 1292 1429 1371 llibernie,
1465 1296 1618 1362 nobilibus
1646 1307 1675 1362 et
1704 1303 1836 1382 egregiis
1865 1304 1951 1380 viris,

113 1412 350 1493 proconsulibus
372 1421 401 1476 et
422 1412 608 1490 consulibus,
630 1412 748 1478 nunciis
770 1411 851 1492 (et)
874 1412 1086 1478 consularibus
1108 1416 1314 1478 communium
1336 1414 1491 1478 civitatum
1513 1413 1615 1480 llauze
1637 1416 1816 1496 Teutonico,
1844 1423 1951 1485 amicis

114 1531 228 1594 nostris
251 1529 443 1611 predlleotis,
477 1530 605 1596 salutem
628 1538 657 1594 et
679 1531 776 1594 induri
798 1534 912 1596 amorls
933 1538 1109 1596 continuum
1132 1536 1361 1597 incrementum.
1411 1532 1535 1598 Nobiles
1557 1543 1586 1598 et
1613 1540 1729 1620 egregli
1755 1539 1826 1614 viri,
1861 1541 1951 1604 amici

111 1653 208 1712 nostri
231 1647 399 1728 predileoti,
422 1656 492 1729 post
508 1648 669 1713 adventum
686 1647 940 1714 ambassiatorum
962 1657 1147 1714 vestrorum:
1170 1648 1336 1714 Everbardi
1350 1649 1532 1729 llardeuust,
1553 1652 1950 1740 lobannislllingbenberg,
2015 1649 2029 1676 ‘

112 1765 228 1830 llinrici
250 1765 364 1848 lloiger
385 1774 414 1832 et
436 1765 548 1832 llinrici
570 1765 702 1844 Vorrad,
729 1783 807 1846 onos
827 1766 948 1845 pridem
969 1766 1009 1831 ad
1031 1783 1088 1832 nos
1110 1770 1140 1830 in
1163 1783 1290 1848 regnum
1313 1777 1448 1836 nostrum
1473 1769 1583 1853 duglle
1604 1775 1825 1852 transmisistis,
1848 1777 1950 1840 uobis·

112 1903 169 1964 que
193 1902 251 1964 per
271 1887 357 1965 ipsos
378 1887 515 1966 exposita
536 1887 730 1967 gravamina,
763 1885 925 1966 inquibus
949 1901 1002 1950 vos
1030 1894 1059 1949 et
1087 1893 1230 1950 vestrates
1260 1885 1493 1965 dampnificatos
1519 1898 1548 1953 et
1576 1891 1656 1954 lesos
1685 1889 1779 1956 luisse
1806 1895 1950 1960 seriosius

113 2007 301 2081 intimarunt,
324 2001 413 2066 etde
435 2002 544 2081 onibus
565 2001 731 2068 remedium
754 2019 773 2066 a
795 2005 884 2067 nobis
905 2007 1057 2083 petierunt
1085 2011 1285 2082 oportunum,
1320 2013 1391 2070 ante
1420 2006 1509 2072 llnale
1538 2012 1582 2072 eis
1609 2025 1790 2088 responsum
1816 2027 1873 2090 per
1894 2027 1950 2078 nos

112 2123 213 2186 datum
239 2137 440 2199 supervenere
462 2127 646 2186 mematores
667 2121 805 2188 nonnulli
827 2129 858 2186 et
878 2121 932 2186 alii
954 2121 1067 2186 subditi
1090 2125 1185 2186 nostri
1207 2125 1294 2205 regni
1315 2121 1442 2206 Anglie‚
1472 2129 1525 2205 qni
1547 2129 1578 2188 iu
1600 2127 1690 2192 rebus
1712 2127 1853 2209 plurimis
1876 2147 1909 2194 se
1931 2149 1949 2194 a

112 2242 291 2306 vestratibus
320 2233 484 2304 enorr‘niter
512 2237 607 2304 tuisse
632 2237 716 2303 lesos
741 2239 973 2306 lacrimabiliter
993 2245 1149 2320 conquesti
1171 2249 1258 2318 suut,
1291 2244 1344 2319 qui
1365 2245 1463 2307 eciam,
1484 2251 1617 2311 nourarn
1640 2249 1827 2313 maiestatem
1849 2252 1949 2330 requi·

112 2363 228 2439 rebant,
254 2367 286 2424 nt
308 2361 351 2423 eis
377 2356 539 2439 providere
564 2357 764 2439 dignoremur
792 2358 927 2424 remedio
956 2365 1061 2423 contra
1090 2361 1217 2424 iniurias
1242 2361 1288 2424 eis
1314 2376 1331 2421 a
1359 2363 1538 2426 vestratibus
1566 2363 1667 2428 illatas
1695 2366 1835 2432 salutari.
1886 2367 1949 2432 Nos

113 2484 228 2559 itaque,
266 2481 316 2557 qui
339 2479 546 2542 amiciciarum
569 2473 672 2539 federa
695 2479 775 2542 inter
798 2493 854 2542 nos
875 2485 1056 2556 nostrosque
1078 2475 1215 2541 subditos
1246 2485 1276 2540 et
1297 2493 1351 2542 ros
1379 2495 1414 2540 ac
1441 2483 1611 2557 patriarum
1637 2491 1804 2546 vestrarum
1831 2485 1947 2548 incolas

111 2599 226 2662 illibata
251 2605 281 2660 et
302 2594 445 2659 inviolata
467 2597 582 2658 servari
604 2594 791 2672 eilectamus,w
812 2612 867 2660 nec
888 2597 928 2660 ab
950 2598 993 2658 eis
1015 2594 1184 2658 voluntarie
1205 2593 1357 2660 decbnure
1379 2603 1538 2675 opmmus3
1572 2599 1720 2678 volentes,
1750 2610 1895 2680 quantum
1918 2606 1949 2666 in

112 2717 196 2780 nobis
220 2722 286 2792 est,
320 2720 353 2776 ut
374 2718 452 2778 inter
473 2729 530 2776 nos
553 2731 613 2794 pax
635 2730 706 2778 vera
735 2717 914 2797 integreque
940 2721 969 2778 et
995 2711 1130 2792 perlecta
1156 2721 1332 2792 perseueret
1360 2716 1515 2792 amicicia,
1548 2717 1586 2780 de
1614 2720 1799 2784 avisamento
1827 2721 1949 2786 concilii

111 2839 203 2899 nostri
227 2832 436 2914 disposuimus
459 2841 558 2896 certos
579 2833 815 2898 ambassiatores
837 2839 957 2898 nostros
977 2831 1018 2895 ad
1044 2831 1170 2910 opidum
1192 2830 1346 2913 Brugeuse
1373 2833 1404 2896 in
1426 2831 1569 2896 Flandria
1597 2851 1670 2917 erga
1692 2845 1815 2902 octavas
1836 2838 1949 2919 pasche

110 2957 249 3031 proxime
270 2949 389 3016 loturos
410 2949 562 3014 destinare
569 2969 580 3028 ;
611 2954 662 3030 qni
684 2951 722 3016 de
743 2960 849 3016 nostra
871 2953 1042 3014 intencione
1061 2950 1183 3030 plenius
1204 2953 1361 3027 instructi,
1388 2950 1539 3030 plenaque
1559 2961 1709 3030 potestate
1730 2953 1843 3033 fulciti,
1878 2973 1946 3022 eum

110 3072 215 3136 vestris
238 3069 294 3133 illo
317 3068 469 3134 mittendis
491 3076 521 3132 et
540 3077 689 3149 potestate
709 3070 860 3134 consimili
881 3067 1041 3133 fulciendis
1063 3075 1202 3145 tractare,
1225 3075 1434 3148 appnnctuare
1451 3076 1481 3132 et
1496 3070 1677 3152 concludere
1694 3071 1832 3151 debeant,
1855 3091 1948 3153 super

111 3189 251 3254 omnibus
272 3198 303 3252 et
324 3187 457 3271 singulis
475 3188 624 3266 premissa
646 3188 787 3266 querelas
808 3194 838 3250 et
858 3191 1037 3270 gravamina
1058 3187 1328 3263 concernentibus,
1357 3187 1523 3251 seeundum
1545 3189 1627 3268 quod
1650 3192 1766 3254 iusticie
1789 3197 1946 3256 convenit:

112 3310 214 3372 scituri
237 3304 320 3384 qnod
343 3310 374 3370 in
395 3305 610 3372 observacione
632 3305 805 3370 libertatum
827 3313 858 3368 et
883 3305 1113 3386 privilegiorum
1143 3304 1322 3368 vestratibus
1349 3305 1380 3368 in
1410 3321 1505 3386 regno
1527 3315 1632 3372 nostro
1654 3305 1762 3390 buglis
1783 3311 1842 3387 (ut
1862 3325 1946 3376 asse·

112 3426 197 3504 ntis)
220 3439 447 3502 concessorum,
470 3423 560 3488 talem
582 3421 729 3488 iaciemus
751 3421 885 3503 impendi
906 3421 1052 3499 favorem,
1075 3422 1198 3499 qualem
1220 3429 1249 3486 et
1272 3437 1325 3486 vos
1347 3439 1424 3502 equa
1446 3423 1533 3488 lance
1555 3427 1695 3489 astrictos
1716 3426 1799 3505 apud
1823 3443 1875 3492 vos
1889 3447 1945 3496 no-

110 3544 254 3608 stratibus
276 3542 451 3623 impendere
473 3544 648 3608 sentiemus.
680 3540 804 3605 Nobiles
826 3548 856 3604 et
877 3541 991 3622 egregii
1014 3540 1081 3616 viri,
1105 3543 1194 3604 amici
1217 3543 1312 3605 nostri
1334 3541 1504 3622 predilecti,
1526 3559 1580 3606 vos
1601 3543 1944 3612 conservetdltlssimus

112 3670 248 3742 tempora
271 3677 326 3740 per
348 3661 488 3743 longeva.
531 3660 642 3726 Datum
662 3661 720 3724 snb
742 3663 861 3739 privato
883 3665 987 3724 nostro
1009 3657 1122 3740 sigillo,
1145 3657 1227 3739 apud
1248 3660 1402 3740 palacium
1423 3668 1561 3726 nostrum
1574 3659 1847 3743 Westmonasterii,
1869 3664 1944 3732 duo-

110 3780 227 3846 decimo
249 3779 298 3842 die
321 3777 486 3855 Februarii,
508 3795 590 3844 anno
612 3782 698 3862 regni
720 3782 817 3843 nostri
839 3781 933 3842 tercio
955 3753 1083 3840 decimo.

665 3885 670 3919 l

110 4001 336 4086 nxxvu.
381 4003 505 4108 uus,
534 4003 663 4105 uon
696 3951 754 4084 vr.
787 4005 898 4086 teor
929 4005 992 4084 ere
1022 4003 1260 4084 uocato
1283 4003 1582 4108 sequence
1610 4031 1660 4088 ιι
1688 4009 1846 4115 coppe
1875 4037 1944 4094 aa

227 4157 485 4261 Fortsetouop
516 4157 586 4237 der
624 4153 945 4261 Verbondloopon
973 4155 1077 4236 ooelr
1111 4155 1248 4286 dulcis
1279 4158 1374 4237 odor
1402 4157 1508 4238 cocle
1536 4159 1722 4265 blveploud
1747 4163 1822 4242 'cio

820 4307 941 4410 tuso,
972 4308 1086 4415 April
1105 4308 1171 4388 22.
1191 4305 1228 4410 ⁵)

260 4491 417 4566 deuncos,
440 4490 495 4556 llei
515 4494 619 4574 gracia
643 4507 701 4555 rex·
719 4490 830 4574 Anglic
851 4498 880 4554 et
893 4489 1018 4554 Francie
1040 4497 1069 4554 ct
1090 4489 1393 4570 dominnsllibernre,
1415 4491 1645 4558 honorabilibus
1667 4503 1696 4558 et
1717 4497 1848 4580 egregiis
1861 4497 1943 4576 viris,

112 4612 219 4675 nobilis
240 4619 270 4675 et
291 4611 444 4694 magnifici
467 4596 521 4674 viri
544 4609 629 4674 Pauli
651 4610 689 4674 de
702 4607 886 4688 Russedord,
909 4608 1025 4672 ordinis
1046 4608 1132 4671 beate
1150 4606 1244 4671 llario
1257 4608 1600 4675 lherosolomitanorum
1623 4614 1761 4695 magistri
1780 4616 1942 4696 generalis,

112 4746 144 4792 ae
165 4729 401 4809 proconsulum,
424 4727 598 4806 consulum,
621 4731 800 4802 nunciorum
823 4745 858 4790 ac
879 4727 1085 4790 consularium
1108 4727 1313 4790 communiunt
1336 4728 1489 4792 civitatum
1508 4725 1608 4792 Hense
1630 4729 1799 4795 theutonice
1822 4733 1943 4798 ambas·

112 4851 282 4929 stateribus,
304 4849 337 4913 in
358 4845 450 4927 opido
467 4845 635 4930 bruggeusi
657 4847 689 4910 iu
703 4846 930 4929 presenciarum
946 4844 1153 4924 existentibus,
1176 4846 1264 4910 nobis
1279 4849 1395 4910 sincere
1412 4845 1539 4923 dilectis,
1560 4846 1700 4914 salutem.
1742 4847 1943 4916 llouorabiles
2007 4867 2011 4876 ’

113 4975 140 5030 et
160 4969 275 5052 egregii
297 4969 364 5044 viri,
387 4970 477 5030 amici
499 4967 595 5030 nostri
616 4969 647 5028 in
665 4965 795 5030 Domino
816 4967 933 5032 sincere
954 4964 1067 5029 dilecti
1111 4963 1182 5030 Post
1199 4973 1405 5044 apponctuate
1421 4965 1500 5028 diete
1512 4967 1724 5042 internostaos
1738 4975 1767 5032 et
1780 4969 1943 5050 dictorum,

114 5127 412 5142 W

265 5236 288 5301 ¹)
317 5233 375 5288 dns
394 5237 467 5289 einer
486 5237 556 5290 alten
573 5235 710 5288 Absebrilt
727 5251 759 5288 ru
777 5236 924 5298 Hrmbnrg.

263 5337 291 5403 ²)
317 5336 376 5390 Ans
394 5339 466 5392 einer
485 5339 554 5391 alten
572 5338 710 5392 Absebrllt
727 5353 760 5391 vn
777 5338 923 5401 lltmbnrg.

177 5473 340 5537 torbettung
354 5475 388 5525 ll.
