4716 6330
854 669 963 766 ltro,
988 673 1135 745 Februsr
1161 672 1217 743 12.
1887 677 1945 758 69

104 953 245 1035 liybouse
266 961 296 1018 et
316 952 462 1018 celarium
484 969 552 1018 eum
574 955 769 1034 pertinenciis
790 964 859 1038 post
880 965 1010 1022 mortem
1031 957 1159 1038 predicti
1181 957 1305 1023 llieardi
1321 957 1477 1026 liedelord
1499 962 1628 1044 ingressi
1651 961 1771 1026 luerunt
1794 971 1824 1026 et
1845 963 1944 1028 exitus

104 1079 131 1136 et
155 1069 296 1150 proluens
323 1071 396 1136 inde
424 1088 442 1135 a
469 1080 607 1152 tempore
633 1077 740 1138 mortis
769 1073 899 1154 predicti
926 1074 1048 1140 liicardi
1077 1075 1234 1141 bledeiord
1262 1077 1414 1157 lineisque
1448 1080 1661 1158 prouenieutes
1688 1089 1889 1161 perceperunt
1915 1089 1945 1144 et

106 1188 284 1269 babuerunt,
308 1189 432 1254 licencia
456 1193 536 1274 regis
558 1189 628 1254 inde
645 1207 706 1255 non
725 1200 858 1271 optenta,
882 1197 913 1256 in
930 1195 1025 1258 nostri
1041 1203 1258 1276 contemptum,
1281 1195 1447 1275 dampnum
1469 1213 1530 1261 non
1552 1198 1704 1263 modicum
1728 1209 1757 1264 et
1777 1200 1943 1263 iacturam:

104 1323 157 1371 nos
178 1307 354 1372 huiusmodi
375 1307 540 1390 dampnum
562 1325 727 1388 precauerc
748 1317 777 1374 et
798 1310 835 1374 de
862 1311 1035 1377 huiusmodi
1062 1313 1192 1378 entibus
1220 1322 1249 1378 ct
1278 1315 1424 1394 prolieuis
1451 1317 1635 1394 respondere
1664 1318 1816 1395 volentes,
1846 1327 1877 1380 rt
1898 1326 1944 1382 est

102 1428 226 1503 iustum,
257 1426 342 1490 robis
365 1427 568 1507 precipimus,
597 1425 678 1507 quod
708 1445 763 1509 per
790 1439 1013 1494 sacramentum
1041 1431 1208 1511 proborum
1235 1441 1265 1504 et
1291 1433 1435 1516 legalium
1467 1434 1625 1500 bominum
1647 1435 1685 1498 de
1705 1435 1820 1500 ballius
1842 1444 1942 1500 vestra

103 1543 263 1626 diligenter
283 1545 454 1624 incursus,
485 1546 595 1625 quibus
617 1544 666 1610 die
688 1554 717 1610 et
739 1562 819 1610 anuo
841 1547 995 1628 predictus
1016 1549 1166 1614 lticardus
1188 1549 1343 1616 bledeiord
1366 1551 1451 1631 obiit,
1473 1561 1504 1616 et
1525 1555 1594 1632 pub
1614 1553 1661 1617 rel
1683 1557 1734 1632 qui
1757 1555 1942 1631 mansiones,

102 1661 128 1725 lc
143 1661 288 1743 bybonse
309 1671 339 1726 ct
360 1664 505 1728 celarium
528 1663 664 1744 predicta
686 1681 755 1728 eum
778 1667 973 1747 pertinenciis
995 1685 1013 1732 a
1035 1676 1173 1748 tempore
1195 1671 1301 1734 mortis
1321 1670 1450 1751 predicti
1468 1669 1590 1736 llicardi
1609 1669 1765 1736 llledelord
1787 1671 1943 1751 bucusque

102 1783 262 1860 occupauit
283 1782 329 1845 vul
352 1789 541 1862 occuparunt
562 1791 591 1846 et
605 1783 711 1866 =exitus
732 1790 762 1846 el
783 1769 924 1864 prolicua
941 1785 1011 1850 inde
1032 1791 1246 1866 proueuienles
1267 1791 1402 1868 percepit
1424 1798 1454 1854 et
1474 1790 1581 1854 babuit
1610 1805 1663 1854 seu
1691 1798 1891 1872 perceperunt
1912 1797 1942 1853 et

100 1899 281 1964 babuemnt.
313 1900 350 1964 llt
372 1915 477 1964 omncs
499 1900 579 1978 illus,
601 1915 679 1978 quos
701 1909 901 1982 occupatores
923 1903 993 1967 iude
1013 1905 1202 1984 inueneritis,
1226 1899 1327 1970 venire
1348 1905 1468 1972 facialis
1486 1923 1590 1972 coram
1611 1909 1777 1973 baronibus
1799 1907 1837 1971 dc
1859 1924 1943 1971 scae·

101 2019 180 2082 cario
202 2027 310 2084 nostro
331 2019 413 2098 apud
429 2017 733 2084 Westmonssterium
755 2021 786 2082 in
805 2023 940 2086 erastino
958 2025 1054 2086 sancti
1072 2021 1190 2087 llillarii
1213 2024 1251 2087 ad
1269 2024 1455 2088 reddendum
1474 2025 1563 2090 nobis
1580 2034 1756 2106 computum
1775 2027 1940 2106 separatim

65 2191 70 2202 .
101 2135 136 2199 de
146 2136 277 2202 exitibus
294 2143 324 2201 et
338 2136 484 2217 prolenis
499 2137 649 2200 dicturum
660 2138 863 2216 mansionum,
879 2139 909 2203 1ι
921 2139 1066 2220 Dybouse
1083 2140 1228 2206 etcelarii
1239 2144 1518 2222 compertinentiis,
1536 2143 1672 2208 videlicet
1689 2143 1938 2222 decembribus,

101 2255 206 2332 umbus
229 2255 289 2334 ipsi
311 2254 417 2319 eadem
438 2256 628 2333 mansiones,
658 2255 687 2318 le
708 2254 852 2336 llybouse
879 2266 910 2322 et
931 2258 1077 2323 celarium
1106 2276 1175 2324 cnm
1205 2260 1423 2341 pertinentibus
1450 2263 1495 2326 sie
1523 2269 1711 2344 occupamus
1740 2271 1771 2326 ct
1791 2265 1889 2326 exitus
1911 2269 1940 2324 et

101 2373 233 2453 probeua
263 2374 335 2438 inde
361 2375 573 2456 pmuenientcs
599 2383 800 2454 perceperunt
828 2383 857 2440 ιι
885 2376 1054 2442 babuerunt
1079 2387 1109 2442 ιι
1130 2386 1306 2456 computum
1329 2378 1398 2442 inde
1419 2380 1551 2444 nondum
1575 2379 1781 2446 reddiderunt.
1824 2379 1863 2442 Et
1884 2395 1940 2459 per

101 2501 319 2558 sacramentum
339 2491 517 2576 ,eurumdem
539 2491 706 2573 probomm
729 2499 759 2556 et
780 2485 925 2576 legalium
943 2496 1099 2561 bominum
1122 2496 1160 2560 dc
1181 2495 1260 2560 dicta
1283 2497 1397 2562 ballius
1420 2507 1520 2562 restra
1542 2501 1726 2577 mansiones,
1750 2497 1778 2562 lc
1795 2497 1939 2579 bybcusc

103 2619 130 2674 et
149 2611 296 2676 celarium
323 2611 458 2691 predicte
487 2626 555 2674 eum
585 2611 773 2692 pertinentiis
795 2611 923 2676 lldoliter
950 2613 1070 2678 extendi
1091 2587 1226 2692 inclutis,
1255 2615 1327 2696 qnid
1352 2615 1487 2681 uidelicet
1513 2626 1544 2680 et
1569 2625 1714 2697 puuctum
1736 2617 1856 2681 valeant
1882 2633 1938 2697 per

100 2745 206 2794 annum
233 2729 423 2806 parcellatim
452 2730 483 2792 in
506 2729 647 2794 omnibus
677 2729 807 2794 exitibus
829 2735 892 2796 suis
915 2736 998 2796 iuxta
1020 2749 1124 2798 rerum
1147 2733 1280 2798 valorem
1302 2734 1478 2800 eurumdem
1500 2736 1578 2800 ultra
1600 2737 1745 2817 reprisas.
1791 2735 1834 2800 ltu
1857 2736 1939 2815 quod

99 2849 327 2927 inquisicionem
350 2855 379 2912 el
398 2845 549 2911 extentam
568 2846 757 2912 indecoram
778 2849 864 2914 robis
882 2849 1021 2916 distincte
1043 2860 1073 2914 el
1094 2859 1199 2931 aperte
1220 2861 1325 2932 ceptus
1347 2853 1483 2918 babeatis
1505 2871 1609 2920 eoram
1629 2853 1757 2934 prelatis
1773 2856 1940 2920 baronibus

101 2967 226 3044 costus,
250 2966 289 3030 nd
311 2966 390 3031 diem
411 2973 442 3030 ιι
463 2967 565 3031 locum
586 2965 755 3046 predictos,
784 2969 841 3032 sub
862 2969 974 3050 sigillis
995 2973 1103 3035 vestris
1125 2978 1155 3034 ct
1176 2970 1286 3054 sigillis
1308 2987 1430 3051 eorum,
1459 2989 1515 3052 per
1535 2989 1613 3053 quos
1634 2973 1714 3038 lactc
1734 2973 1856 3038 luerint.
1901 2973 1940 3038 Et

100 3085 214 3148 interim
239 3089 432 3163 mansiones,
454 3084 484 3148 le
505 3083 650 3166 llyliousc
670 3093 701 3148 et
722 3085 867 3150 celarium
888 3084 1025 3167 predicta
1047 3103 1116 3153 cum
1138 3089 1327 3166 pertinentiis
1349 3092 1476 3172 capiatis
1497 3093 1529 3155 in
1551 3106 1675 3156 manum
1697 3089 1828 3157 iestrnm
1850 3100 1880 3155 et
1901 3109 1937 3156 ea

101 3203 180 3266 saluo
204 3202 400 3280 custodiatis,
424 3205 466 3267 ita
488 3202 569 3282 quod
592 3203 630 3266 dc
651 3204 782 3268 exilibus
803 3212 833 3266 ιι
853 3203 999 3285 probcuis
1020 3204 1090 3278 inde
1111 3209 1361 3286 proueniantibus
1384 3208 1471 3272 nobis
1493 3209 1703 3288 respondetis,
1734 3209 1830 3274 donce
1853 3209 1937 3273 aliud

101 3321 164 3385 inde
186 3322 274 3386 robis
295 3322 539 3403 preceperimus‚
568 3329 597 3385 et
624 3329 763 3386 constare
784 3319 903 3386 lecistis
924 3321 1050 3402 prelatis
1079 3325 1245 3390 baronibus
1271 3327 1383 3390 nostris
1412 3335 1483 3390 tuuc
1510 3326 1623 3390 ibidem
1651 3327 1689 3392 dc
1716 3328 1766 3393 dic
1786 3329 1936 3408 captionis

102 3441 273 3505 mmmdcm
294 3442 326 3504 in
347 3455 471 3504 manum
494 3417 640 3505 nostram.
684 3439 723 3503 lli
744 3439 881 3505 habmus
902 3442 944 3505 ibi
973 3451 1043 3505 tune
1070 3445 1197 3508 uomina
1220 3455 1438 3525 occupatorum
1464 3445 1670 3526 predictomm
1698 3455 1729 3510 et
1750 3446 1808 3509 buc
1830 3446 1934 3510 breue.

100 3556 183 3624 leste
204 3567 282 3637 ete,
303 3557 383 3623 llVl.
406 3557 455 3622 dic
476 3557 675 3637 Nouembris,
703 3575 784 3624 anno
807 3561 893 3642 regni
914 3560 1011 3624 nostri
1032 3561 1175 3626 vicesimo
1197 3565 1339 3644 primo..
1352 3564 1410 3628 Prc
1430 3566 1580 3648 originale
1600 3563 1640 3629 dc
1666 3579 1747 3630 anno
1769 3563 1828 3626 lll⁰
1853 3567 1935 3648 regis

100 3675 214 3742 liicardi
238 3675 362 3744 sccrrndi
383 3676 487 3740 rotulo
508 3675 636 3741 11111711ο
660 3685 690 3741 et
711 3695 767 3759 per
788 3679 929 3743 barones.
1637 3681 1729 3747 Certi.

248 3793 354 3860 Cesset
374 3794 432 3860 lnoc
448 3795 541 3860 breue
557 3811 605 3874 eo,
628 3796 710 3875 quud
732 3796 876 3862 iudicium
893 3813 998 3862 remus
1015 3796 1242 3879 infrascriptum
1258 3800 1427 3866 iohannem
1444 3801 1654 3882 Norbampton
1670 3819 1768 3884 nuper
1783 3803 1934 3869 redditum

100 3923 268 3980 reuocatum
290 3921 321 3977 et
338 3913 528 3980 adnullatum
550 3912 616 3993 luit,
639 3917 717 3980 siem
732 3916 903 3980 continetur
917 3919 952 3980 iu.
970 3916 1169 3982 memorando
1189 3918 1228 3983 de
1251 3935 1330 3985 anuo
1344 3921 1485 3986 vicesimo
1502 3923 1583 4004 regis
1605 3937 1684 3986 nunc
1707 3925 1785 3986 inter
1806 3921 1934 3987 recorda

101 4032 135 4096 dc
155 4035 284 4098 termino
306 4039 409 4096 sancte
429 4031 595 4112 Trinitatis,
618 4034 718 4100 rotule
739 4036 850 4116 primo.
867 4033 902 4114 ¹)

99 4287 365 4373 LXXXVII.
411 4291 536 4398 Xouip
564 4289 750 4374 uomet
778 4293 836 4374 VI.
867 4293 1051 4402 Rescript
1083 4323 1135 4378 uo
1167 4299 1230 4379 die
1249 4297 1442 4380 Becmton
1471 4326 1519 4380 au
1540 4298 1692 4381 Borion
1721 4307 1762 4382 io
1781 4299 1941 4403 Boircff

271 4445 342 4526 der
371 4445 605 4552 Prioilcpioo
635 4447 706 4528 der
735 4445 973 4530 bmaiseboo
1003 4447 1216 4553 Kuuflcute.
1277 4450 1395 4552 lacu,
1426 4451 1603 4532 Februur
1628 4453 1690 4534 12.
1709 4455 1747 4556 ²)

220 4625 386 4704 llenricus,
408 4625 464 4692 liei
484 4630 588 4709 gracia
610 4644 665 4692 rex
685 4625 796 4712 Anglic
817 4635 847 4694 el
867 4629 1011 4709 Francis,
1044 4639 1074 4694 et
1095 4631 1236 4696 domiuus
1258 4631 1416 4710 ilibemie,
1450 4631 1572 4698 balliuis
1595 4634 1665 4699 ville
1686 4633 1725 4700 de
1745 4643 1852 4700 sancto
1872 4633 1932 4700 Bo·

46 4743 48 4746 ’
102 4742 204 4823 thullo,
228 4760 264 4808 ac
285 4744 500 4809 collectoribus
522 4753 583 4808 tam
606 4763 716 4830 magne
738 4757 768 4812 el
788 4764 884 4827 parue
905 4755 1054 4828 cusiene,
1077 4765 1169 4828 quam
1191 4750 1320 4815 subsidii
1341 4755 1431 4815 trium
1454 4751 1621 4816 solidorum
1642 4750 1681 4816 de
1702 4751 1785 4817 dolio
1807 4762 1838 4816 et
1856 4751 1932 4819 duo·
1984 4811 1989 4841 ,

101 4862 191 4928 decim
212 4862 407 4928 decanorum
428 4862 466 4927 de
487 4863 577 4942 libra,
600 4868 630 4926 in
651 4873 739 4945 parte
761 4867 896 4934 ciusdem
919 4863 1140 4946 ville,'neenon
1163 4868 1279 4942 balliuo
1301 4887 1379 4952 aque
1401 4871 1523 4950 ibidem,
1546 4874 1599 4950 qui
1621 4887 1701 4936 nunc
1722 4879 1793 4936 suut
1815 4871 1861 4936 ιι1
1879 4875 1931 4952 qui

101 4996 153 5058 pro
173 4992 309 5064 ternpore
330 4990 429 5060 crunt,
452 4981 592 5048 saluum.
635 4980 713 5048 Cum
735 4984 877 5050 deminus
897 4985 944 5064 ll,
967 4985 1120 5066 quondam
1142 5005 1197 5052 rex
1218 4987 1343 5072 anglie,
1366 4989 1516 5056 secundus
1538 4996 1608 5069 post
1628 4997 1836 5071 conquestum,
1859 5008 1930 5073 pro

250 5249 274 5318 ¹)
301 5252 389 5318 Vorgl.
407 5253 456 5305 dns
474 5250 566 5306 Attest
583 5252 630 5305 des
648 5253 749 5307 listltss
767 5256 930 5309 :abendon
949 5269 1010 5310 rom
1028 5256 1107 5312 isles
1129 5256 1202 5324 llll,
1220 5259 1275 5315 blsl
1291 5257 1334 5313 15.

248 5351 275 5419 ²)
302 5351 360 5407 Ans
378 5353 439 5408 dent
457 5354 679 5420 bamburglscbec
698 5353 884 5420 Copltlbnelrc.
