<?xml version="1.0" encoding="UTF-8"?>
<!DOCTYPE html PUBLIC "-//W3C//DTD XHTML 1.0 Transitional//EN"
    "http://www.w3.org/TR/xhtml1/DTD/xhtml1-transitional.dtd">
<html xmlns="http://www.w3.org/1999/xhtml" xml:lang="en" lang="en">
 <head>
  <title>
</title>
<meta http-equiv="Content-Type" content="text/html;charset=utf-8" />
  <meta name='ocr-system' content='tesseract 3.04.00' />
  <meta name='ocr-capabilities' content='ocr_page ocr_carea ocr_par ocr_line ocrx_word'/>
</head>
<body>
  <div class='ocr_page' id='page_1' title='image "./urkundlichegesc01lappgoog/urkundlichegesc01lappgoog_0403.png"; bbox 0 0 4834 6338; ppageno 0'>
   <div class='ocr_carea' id='block_1_1' title="bbox 923 621 1997 722">
    <p class='ocr_par' dir='ltr' id='par_1_1' title="bbox 923 621 1997 722">
     <span class='ocr_line' id='line_1_1' title="bbox 923 621 1997 722; baseline 0.011 -24"><span class='ocrx_word' id='word_1_1' title='bbox 923 624 1002 698; x_wconf 74' lang='lat' dir='ltr'><strong>Une</strong></span> <span class='ocrx_word' id='word_1_2' title='bbox 1024 625 1104 700; x_wconf 81' lang='lat' dir='ltr'><strong>lehn</strong></span> <span class='ocrx_word' id='word_1_3' title='bbox 1129 621 1239 700; x_wconf 81' lang='lat' dir='ltr'><strong>1tuu.</strong></span> <span class='ocrx_word' id='word_1_4' title='bbox 1592 717 1593 722; x_wconf 8' lang='grc' dir='ltr'><strong><em>Ν</em></strong></span> <span class='ocrx_word' id='word_1_5' title='bbox 1908 625 1997 710; x_wconf 76' lang='lat' dir='ltr'><strong>tul</strong></span> 
     </span>
    </p>
   </div>
   <div class='ocr_carea' id='block_1_2' title="bbox 172 927 1997 1170">
    <p class='ocr_par' dir='ltr' id='par_1_2' title="bbox 172 927 1997 1170">
     <span class='ocr_line' id='line_1_2' title="bbox 172 927 1997 1018; baseline 0.003 -6"><span class='ocrx_word' id='word_1_6' title='bbox 172 927 248 1012; x_wconf 85' lang='grc' dir='ltr'><strong>ΙΙΙ.</strong></span> <span class='ocrx_word' id='word_1_7' title='bbox 295 928 504 1014; x_wconf 70' lang='lat' dir='ltr'><strong>sonuum</strong></span> <span class='ocrx_word' id='word_1_8' title='bbox 543 929 615 1014; x_wconf 85' lang='lat' dir='ltr'><strong>dee</strong></span> <span class='ocrx_word' id='word_1_9' title='bbox 643 930 918 1014; x_wconf 81' lang='lat' dir='ltr'><strong>Allermotnten</strong></span> <span class='ocrx_word' id='word_1_10' title='bbox 955 933 1039 1014; x_wconf 85' lang='lat' dir='ltr'><strong>und</strong></span> <span class='ocrx_word' id='word_1_11' title='bbox 1067 933 1137 1014; x_wconf 86' lang='lat' dir='ltr'><strong>der</strong></span> <span class='ocrx_word' id='word_1_12' title='bbox 1166 931 1321 1014; x_wconf 85' lang='lat' dir='ltr'><strong>Brttdor</strong></span> <span class='ocrx_word' id='word_1_13' title='bbox 1349 955 1397 1013; x_wconf 81' lang='lat' dir='ltr'><strong>eu</strong></span> <span class='ocrx_word' id='word_1_14' title='bbox 1425 931 1576 1016; x_wconf 78' lang='lat' dir='ltr'><strong>Borion</strong></span> <span class='ocrx_word' id='word_1_15' title='bbox 1615 961 1667 1017; x_wconf 87' lang='lat' dir='ltr'><strong>on</strong></span> <span class='ocrx_word' id='word_1_16' title='bbox 1703 935 1767 1018; x_wconf 85' lang='lat' dir='ltr'><strong>dic</strong></span> <span class='ocrx_word' id='word_1_17' title='bbox 1807 935 1997 1018; x_wconf 81' lang='lat' dir='ltr'><strong>dculeolte</strong></span> 
     </span>
     <span class='ocr_line' id='line_1_3' title="bbox 660 1083 1507 1170; baseline 0.004 -4"><span class='ocrx_word' id='word_1_18' title='bbox 660 1083 795 1167; x_wconf 73' lang='lat' dir='ltr'><strong>Hormo</strong></span> <span class='ocrx_word' id='word_1_19' title='bbox 823 1111 872 1166; x_wconf 78' lang='lat' dir='ltr'><strong>su</strong></span> <span class='ocrx_word' id='word_1_20' title='bbox 900 1085 1071 1170; x_wconf 81' lang='lat' dir='ltr'><strong>Londou.</strong></span> <span class='ocrx_word' id='word_1_21' title='bbox 1137 1086 1227 1168; x_wconf 84' lang='lat' dir='ltr'><strong>Uota</strong></span> <span class='ocrx_word' id='word_1_22' title='bbox 1255 1086 1354 1168; x_wconf 78' lang='lat' dir='ltr'><strong>Jolrr</strong></span> <span class='ocrx_word' id='word_1_23' title='bbox 1384 1087 1507 1169; x_wconf 88' lang='lat'><strong><em>1320.</em></strong></span> 
     </span>
    </p>
   </div>
   <div class='ocr_carea' id='block_1_3' title="bbox 93 1265 1997 4926">
    <p class='ocr_par' dir='ltr' id='par_1_3' title="bbox 93 1265 1997 4926">
     <span class='ocr_line' id='line_1_4' title="bbox 325 1265 1997 1354; baseline 0.002 -20"><span class='ocrx_word' id='word_1_24' title='bbox 325 1267 468 1334; x_wconf 85' lang='lat' dir='ltr'><strong>lliscretis</strong></span> <span class='ocrx_word' id='word_1_25' title='bbox 497 1269 585 1347; x_wconf 83' lang='lat' dir='ltr'><strong>viris,</strong></span> <span class='ocrx_word' id='word_1_26' title='bbox 618 1265 833 1336; x_wconf 77' lang='lat' dir='ltr'><strong>uldemouno</strong></span> <span class='ocrx_word' id='word_1_27' title='bbox 861 1269 1027 1350; x_wconf 82' lang='lat' dir='ltr'><strong>caterisque</strong></span> <span class='ocrx_word' id='word_1_28' title='bbox 1053 1267 1198 1336; x_wconf 82' lang='lat' dir='ltr'><strong>iratribus</strong></span> <span class='ocrx_word' id='word_1_29' title='bbox 1225 1268 1326 1337; x_wconf 81' lang='lat' dir='ltr'><strong>lause</strong></span> <span class='ocrx_word' id='word_1_30' title='bbox 1348 1267 1513 1354; x_wconf 81' lang='lat' dir='ltr'><strong>dlimeuic</strong></span> <span class='ocrx_word' id='word_1_31' title='bbox 1539 1273 1571 1338; x_wconf 93' lang='lat' dir='ltr'><strong>in</strong></span> <span class='ocrx_word' id='word_1_32' title='bbox 1599 1269 1775 1340; x_wconf 69' lang='lat' dir='ltr'><strong>Londceuu</strong></span> <span class='ocrx_word' id='word_1_33' title='bbox 1802 1273 1997 1340; x_wconf 73' lang='lat' dir='ltr'><strong>existentibus</strong></span> 
     </span>
     <span class='ocr_line' id='line_1_5' title="bbox 173 1384 1997 1474; baseline 0.003 -22"><span class='ocrx_word' id='word_1_34' title='bbox 173 1384 408 1454; x_wconf 72' lang='lat' dir='ltr'><strong>aldemannum</strong></span> <span class='ocrx_word' id='word_1_35' title='bbox 434 1388 584 1468; x_wconf 86' lang='lat' dir='ltr'><strong>ceterique</strong></span> <span class='ocrx_word' id='word_1_36' title='bbox 611 1385 720 1452; x_wconf 83' lang='lat' dir='ltr'><strong>naues</strong></span> <span class='ocrx_word' id='word_1_37' title='bbox 747 1385 827 1468; x_wconf 87' lang='lat' dir='ltr'><strong>apud</strong></span> <span class='ocrx_word' id='word_1_38' title='bbox 856 1397 1003 1470; x_wconf 78' lang='lat' dir='ltr'><strong>sarnetum¹</strong></span> <span class='ocrx_word' id='word_1_39' title='bbox 1029 1385 1221 1472; x_wconf 79' lang='lat' dir='ltr'><strong>Botiolsum</strong></span> <span class='ocrx_word' id='word_1_40' title='bbox 1249 1393 1363 1454; x_wconf 79' lang='lat' dir='ltr'><strong>existen</strong></span> <span class='ocrx_word' id='word_1_41' title='bbox 1401 1387 1413 1474; x_wconf 85' lang='grc' dir='ltr'><strong>ΙΙ</strong></span> <span class='ocrx_word' id='word_1_42' title='bbox 1449 1398 1494 1454; x_wconf 90' lang='lat' dir='ltr'><strong>tes</strong></span> <span class='ocrx_word' id='word_1_43' title='bbox 1521 1390 1648 1456; x_wconf 89' lang='lat' dir='ltr'><strong>salutem</strong></span> <span class='ocrx_word' id='word_1_44' title='bbox 1674 1395 1707 1456; x_wconf 94' lang='lat' dir='ltr'><strong>in</strong></span> <span class='ocrx_word' id='word_1_45' title='bbox 1728 1399 1851 1456; x_wconf 83' lang='lat' dir='ltr'><strong>auctore</strong></span> <span class='ocrx_word' id='word_1_46' title='bbox 1878 1392 1997 1457; x_wconf 85' lang='lat' dir='ltr'><strong>salotis.</strong></span> 
     </span>
     <span class='ocr_line' id='line_1_6' title="bbox 172 1493 1997 1605; baseline 0.003 -36"><span class='ocrx_word' id='word_1_47' title='bbox 172 1503 362 1605; x_wconf 65' lang='lat' dir='ltr'><strong>§iectionis</strong></span> <span class='ocrx_word' id='word_1_48' title='bbox 390 1508 422 1570; x_wconf 85' lang='lat' dir='ltr'><strong>in</strong></span> <span class='ocrx_word' id='word_1_49' title='bbox 443 1505 549 1572; x_wconf 85' lang='lat' dir='ltr'><strong>litteris</strong></span> <span class='ocrx_word' id='word_1_50' title='bbox 578 1507 690 1575; x_wconf 85' lang='lat' dir='ltr'><strong>nostris</strong></span> <span class='ocrx_word' id='word_1_51' title='bbox 716 1505 953 1584; x_wconf 77' lang='lat' dir='ltr'><strong>declarantium,</strong></span> <span class='ocrx_word' id='word_1_52' title='bbox 990 1507 1037 1572; x_wconf 86' lang='lat' dir='ltr'><strong>sic</strong></span> <span class='ocrx_word' id='word_1_53' title='bbox 1063 1493 1161 1572; x_wconf 85' lang='lat' dir='ltr'><strong>adltnc</strong></span> <span class='ocrx_word' id='word_1_54' title='bbox 1190 1507 1367 1575; x_wconf 87' lang='lat' dir='ltr'><strong>litteratorie</strong></span> <span class='ocrx_word' id='word_1_55' title='bbox 1387 1510 1471 1576; x_wconf 83' lang='lat' dir='ltr'><strong>vonis</strong></span> <span class='ocrx_word' id='word_1_56' title='bbox 1497 1510 1702 1593; x_wconf 79' lang='lat' dir='ltr'><strong>publicamus,</strong></span> <span class='ocrx_word' id='word_1_57' title='bbox 1741 1509 1822 1589; x_wconf 81' lang='lat' dir='ltr'><strong>eund</strong></span> <span class='ocrx_word' id='word_1_58' title='bbox 1849 1526 1997 1576; x_wconf 85' lang='lat' dir='ltr'><strong>consensu</strong></span> 
     </span>
     <span class='ocr_line' id='line_1_7' title="bbox 171 1624 1996 1726; baseline 0.002 -35"><span class='ocrx_word' id='word_1_59' title='bbox 171 1625 359 1692; x_wconf 80' lang='lat' dir='ltr'><strong>aldermanni</strong></span> <span class='ocrx_word' id='word_1_60' title='bbox 387 1624 398 1707; x_wconf 79' lang='lat' dir='ltr'><strong>ll</strong></span> <span class='ocrx_word' id='word_1_61' title='bbox 424 1630 520 1690; x_wconf 89' lang='lat' dir='ltr'><strong>nostri</strong></span> <span class='ocrx_word' id='word_1_62' title='bbox 535 1625 751 1690; x_wconf 76' lang='lat' dir='ltr'><strong>londoniensis</strong></span> <span class='ocrx_word' id='word_1_63' title='bbox 772 1634 803 1690; x_wconf 92' lang='lat' dir='ltr'><strong>et</strong></span> <span class='ocrx_word' id='word_1_64' title='bbox 823 1627 958 1692; x_wconf 91' lang='lat' dir='ltr'><strong>omnium</strong></span> <span class='ocrx_word' id='word_1_65' title='bbox 980 1625 1167 1692; x_wconf 81' lang='lat' dir='ltr'><strong>contratrum</strong></span> <span class='ocrx_word' id='word_1_66' title='bbox 1188 1637 1358 1692; x_wconf 90' lang='lat' dir='ltr'><strong>nostrornm</strong></span> <span class='ocrx_word' id='word_1_67' title='bbox 1375 1638 1503 1726; x_wconf 86' lang='lat' dir='ltr'><strong>scottum</strong></span> <span class='ocrx_word' id='word_1_68' title='bbox 1524 1627 1697 1694; x_wconf 72' lang='lat' dir='ltr'><strong>ordinemne</strong></span> <span class='ocrx_word' id='word_1_69' title='bbox 1713 1627 1781 1706; x_wconf 81' lang='lat' dir='ltr'><strong>luit,</strong></span> <span class='ocrx_word' id='word_1_70' title='bbox 1803 1633 1881 1694; x_wconf 88' lang='lat' dir='ltr'><strong>sicut</strong></span> <span class='ocrx_word' id='word_1_71' title='bbox 1902 1631 1996 1708; x_wconf 89' lang='lat' dir='ltr'><strong>scitis,</strong></span> 
     </span>
     <span class='ocr_line' id='line_1_8' title="bbox 172 1743 1996 1828; baseline 0.001 -17"><span class='ocrx_word' id='word_1_72' title='bbox 172 1747 210 1812; x_wconf 91' lang='lat' dir='ltr'><strong>de</strong></span> <span class='ocrx_word' id='word_1_73' title='bbox 239 1745 372 1826; x_wconf 82' lang='lat' dir='ltr'><strong>qnalibet</strong></span> <span class='ocrx_word' id='word_1_74' title='bbox 401 1745 478 1809; x_wconf 89' lang='lat' dir='ltr'><strong>libra</strong></span> <span class='ocrx_word' id='word_1_75' title='bbox 506 1743 720 1828; x_wconf 79' lang='lat' dir='ltr'><strong>sterlingorum</strong></span> <span class='ocrx_word' id='word_1_76' title='bbox 746 1743 905 1810; x_wconf 90' lang='lat' dir='ltr'><strong>duodecim</strong></span> <span class='ocrx_word' id='word_1_77' title='bbox 931 1745 1136 1810; x_wconf 88' lang='lat' dir='ltr'><strong>denariorum.</strong></span> <span class='ocrx_word' id='word_1_78' title='bbox 1180 1744 1279 1826; x_wconf 89' lang='lat' dir='ltr'><strong>Super</strong></span> <span class='ocrx_word' id='word_1_79' title='bbox 1304 1747 1386 1828; x_wconf 83' lang='lat' dir='ltr'><strong>quod</strong></span> <span class='ocrx_word' id='word_1_80' title='bbox 1413 1765 1469 1813; x_wconf 92' lang='lat' dir='ltr'><strong>nos</strong></span> <span class='ocrx_word' id='word_1_81' title='bbox 1506 1745 1516 1828; x_wconf 77' lang='lat' dir='ltr'><strong>li</strong></span> <span class='ocrx_word' id='word_1_82' title='bbox 1554 1748 1637 1828; x_wconf 90' lang='lat' dir='ltr'><strong>apud</strong></span> <span class='ocrx_word' id='word_1_83' title='bbox 1667 1754 1802 1815; x_wconf 88' lang='lat' dir='ltr'><strong>sunctum</strong></span> <span class='ocrx_word' id='word_1_84' title='bbox 1824 1746 1996 1812; x_wconf 87' lang='lat' dir='ltr'><strong>Bothnllum</strong></span> 
     </span>
     <span class='ocr_line' id='line_1_9' title="bbox 93 1856 1995 1952; baseline -0.001 -22"><span class='ocrx_word' id='word_1_85' title='bbox 93 1917 101 1934; x_wconf 92' lang='lat'><strong>.</strong></span> <span class='ocrx_word' id='word_1_86' title='bbox 171 1867 342 1942; x_wconf 78' lang='lat' dir='ltr'><strong>existentes,</strong></span> <span class='ocrx_word' id='word_1_87' title='bbox 363 1872 495 1944; x_wconf 85' lang='lat' dir='ltr'><strong>quatuor</strong></span> <span class='ocrx_word' id='word_1_88' title='bbox 515 1864 615 1928; x_wconf 86' lang='lat' dir='ltr'><strong>socios</strong></span> <span class='ocrx_word' id='word_1_89' title='bbox 631 1863 838 1928; x_wconf 88' lang='lat' dir='ltr'><strong>ordinauimns</strong></span> <span class='ocrx_word' id='word_1_90' title='bbox 859 1863 898 1929; x_wconf 89' lang='lat' dir='ltr'><strong>ad</strong></span> <span class='ocrx_word' id='word_1_91' title='bbox 915 1865 1028 1930; x_wconf 90' lang='lat' dir='ltr'><strong>dictum</strong></span> <span class='ocrx_word' id='word_1_92' title='bbox 1048 1873 1178 1932; x_wconf 75' lang='lat' dir='ltr'><strong>mollum</strong></span> <span class='ocrx_word' id='word_1_93' title='bbox 1195 1865 1409 1949; x_wconf 79' lang='lat' dir='ltr'><strong>colligendum,</strong></span> <span class='ocrx_word' id='word_1_94' title='bbox 1431 1856 1712 1952; x_wconf 71' lang='lat' dir='ltr'><strong>quiumsccmmnni</strong></span> <span class='ocrx_word' id='word_1_95' title='bbox 1733 1882 1882 1934; x_wconf 79' lang='lat' dir='ltr'><strong>consensu</strong></span> <span class='ocrx_word' id='word_1_96' title='bbox 1905 1867 1995 1930; x_wconf 88' lang='lat' dir='ltr'><strong>talem</strong></span> 
     </span>
     <span class='ocr_line' id='line_1_10' title="bbox 169 1981 1996 2067; baseline 0.001 -19"><span class='ocrx_word' id='word_1_97' title='bbox 169 1988 230 2050; x_wconf 78' lang='lat' dir='ltr'><strong>vim</strong></span> <span class='ocrx_word' id='word_1_98' title='bbox 252 1984 406 2061; x_wconf 88' lang='lat' dir='ltr'><strong>dedimus,</strong></span> <span class='ocrx_word' id='word_1_99' title='bbox 432 1981 514 2064; x_wconf 85' lang='lat' dir='ltr'><strong>quod</strong></span> <span class='ocrx_word' id='word_1_100' title='bbox 535 1982 699 2062; x_wconf 81' lang='lat' dir='ltr'><strong>quemlibet</strong></span> <span class='ocrx_word' id='word_1_101' title='bbox 712 1982 746 2062; x_wconf 83' lang='lat'><strong>¹)</strong></span> <span class='ocrx_word' id='word_1_102' title='bbox 768 1981 855 2046; x_wconf 81' lang='lat' dir='ltr'><strong>tratri</strong></span> <span class='ocrx_word' id='word_1_103' title='bbox 877 1991 980 2050; x_wconf 83' lang='lat' dir='ltr'><strong>nostre</strong></span> <span class='ocrx_word' id='word_1_104' title='bbox 1000 1982 1094 2049; x_wconf 81' lang='lat' dir='ltr'><strong>lranse</strong></span> <span class='ocrx_word' id='word_1_105' title='bbox 1114 1989 1271 2066; x_wconf 88' lang='lat' dir='ltr'><strong>precipere</strong></span> <span class='ocrx_word' id='word_1_106' title='bbox 1292 1995 1433 2065; x_wconf 83' lang='lat' dir='ltr'><strong>possent,</strong></span> <span class='ocrx_word' id='word_1_107' title='bbox 1454 1988 1512 2052; x_wconf 76' lang='lat' dir='ltr'><strong>snit</strong></span> <span class='ocrx_word' id='word_1_108' title='bbox 1533 2003 1611 2067; x_wconf 87' lang='lat' dir='ltr'><strong>penu</strong></span> <span class='ocrx_word' id='word_1_109' title='bbox 1633 1986 1660 2050; x_wconf 87' lang='lat' dir='ltr'><strong>lt</strong></span> <span class='ocrx_word' id='word_1_110' title='bbox 1681 1987 1846 2062; x_wconf 84' lang='lat' dir='ltr'><strong>librarum,</strong></span> <span class='ocrx_word' id='word_1_111' title='bbox 1867 1994 1996 2052; x_wconf 84' lang='lat' dir='ltr'><strong>sonuum</strong></span> 
     </span>
     <span class='ocr_line' id='line_1_11' title="bbox 170 2102 1995 2190; baseline 0.001 -22"><span class='ocrx_word' id='word_1_112' title='bbox 170 2103 297 2170; x_wconf 86' lang='lat' dir='ltr'><strong>eiusad</strong></span> <span class='ocrx_word' id='word_1_113' title='bbox 318 2119 423 2169; x_wconf 88' lang='lat' dir='ltr'><strong>eorum</strong></span> <span class='ocrx_word' id='word_1_114' title='bbox 445 2102 667 2168; x_wconf 77' lang='lat' dir='ltr'><strong>ordinationem</strong></span> <span class='ocrx_word' id='word_1_115' title='bbox 687 2110 718 2166; x_wconf 90' lang='lat' dir='ltr'><strong>et</strong></span> <span class='ocrx_word' id='word_1_116' title='bbox 738 2103 898 2168; x_wconf 73' lang='lat' dir='ltr'><strong>neminum</strong></span> <span class='ocrx_word' id='word_1_117' title='bbox 920 2103 1025 2168; x_wconf 85' lang='lat' dir='ltr'><strong>subtus</strong></span> <span class='ocrx_word' id='word_1_118' title='bbox 1051 2105 1091 2170; x_wconf 87' lang='lat' dir='ltr'><strong>ab</strong></span> <span class='ocrx_word' id='word_1_119' title='bbox 1117 2104 1231 2170; x_wconf 73' lang='lat' dir='ltr'><strong>ende·</strong></span> <span class='ocrx_word' id='word_1_120' title='bbox 1253 2105 1400 2185; x_wconf 82' lang='lat' dir='ltr'><strong>preumm</strong></span> <span class='ocrx_word' id='word_1_121' title='bbox 1428 2107 1599 2190; x_wconf 86' lang='lat' dir='ltr'><strong>deportare.</strong></span> <span class='ocrx_word' id='word_1_122' title='bbox 1639 2106 1703 2172; x_wconf 86' lang='lat' dir='ltr'><strong>ilos</strong></span> <span class='ocrx_word' id='word_1_123' title='bbox 1725 2121 1795 2172; x_wconf 82' lang='lat' dir='ltr'><strong>vero</strong></span> <span class='ocrx_word' id='word_1_124' title='bbox 1816 2106 1995 2171; x_wconf 88' lang='lat' dir='ltr'><strong>collectores</strong></span> 
     </span>
     <span class='ocr_line' id='line_1_12' title="bbox 170 2222 1995 2304; baseline 0.001 -16"><span class='ocrx_word' id='word_1_125' title='bbox 170 2224 225 2288; x_wconf 87' lang='lat' dir='ltr'><strong>tali</strong></span> <span class='ocrx_word' id='word_1_126' title='bbox 247 2223 418 2288; x_wconf 89' lang='lat' dir='ltr'><strong>condicioni</strong></span> <span class='ocrx_word' id='word_1_127' title='bbox 439 2222 661 2300; x_wconf 70' lang='lat' dir='ltr'><strong>ordinamus,</strong></span> <span class='ocrx_word' id='word_1_128' title='bbox 688 2222 769 2302; x_wconf 81' lang='lat' dir='ltr'><strong>quod</strong></span> <span class='ocrx_word' id='word_1_129' title='bbox 790 2223 847 2287; x_wconf 88' lang='lat' dir='ltr'><strong>snb</strong></span> <span class='ocrx_word' id='word_1_130' title='bbox 868 2239 947 2302; x_wconf 83' lang='lat' dir='ltr'><strong>pena</strong></span> <span class='ocrx_word' id='word_1_131' title='bbox 966 2223 1021 2286; x_wconf 81' lang='lat' dir='ltr'><strong>XX</strong></span> <span class='ocrx_word' id='word_1_132' title='bbox 1044 2223 1189 2289; x_wconf 82' lang='lat' dir='ltr'><strong>librarum</strong></span> <span class='ocrx_word' id='word_1_133' title='bbox 1212 2225 1418 2290; x_wconf 83' lang='lat' dir='ltr'><strong>contradicere</strong></span> <span class='ocrx_word' id='word_1_134' title='bbox 1439 2243 1500 2291; x_wconf 95' lang='lat' dir='ltr'><strong>non</strong></span> <span class='ocrx_word' id='word_1_135' title='bbox 1522 2225 1677 2302; x_wconf 81' lang='lat' dir='ltr'><strong>valebam,</strong></span> <span class='ocrx_word' id='word_1_136' title='bbox 1707 2231 1737 2289; x_wconf 92' lang='lat' dir='ltr'><strong>et</strong></span> <span class='ocrx_word' id='word_1_137' title='bbox 1764 2223 1845 2304; x_wconf 84' lang='lat' dir='ltr'><strong>qnod</strong></span> <span class='ocrx_word' id='word_1_138' title='bbox 1873 2224 1995 2302; x_wconf 84' lang='lat' dir='ltr'><strong>plenum</strong></span> 
     </span>
     <span class='ocr_line' id='line_1_13' title="bbox 170 2340 1996 2426; baseline -0.001 -18"><span class='ocrx_word' id='word_1_139' title='bbox 170 2346 260 2408; x_wconf 70' lang='lat' dir='ltr'><strong>nonu</strong></span> <span class='ocrx_word' id='word_1_140' title='bbox 280 2342 318 2406; x_wconf 88' lang='lat' dir='ltr'><strong>de</strong></span> <span class='ocrx_word' id='word_1_141' title='bbox 340 2349 436 2406; x_wconf 91' lang='lat' dir='ltr'><strong>scotto</strong></span> <span class='ocrx_word' id='word_1_142' title='bbox 458 2348 579 2423; x_wconf 86' lang='lat' dir='ltr'><strong>recepto</strong></span> <span class='ocrx_word' id='word_1_143' title='bbox 600 2340 709 2406; x_wconf 84' lang='lat' dir='ltr'><strong>lanient</strong></span> <span class='ocrx_word' id='word_1_144' title='bbox 730 2343 1001 2422; x_wconf 67' lang='lat' dir='ltr'><strong>dementationem,</strong></span> <span class='ocrx_word' id='word_1_145' title='bbox 1031 2345 1109 2406; x_wconf 84' lang='lat' dir='ltr'><strong>sicut</strong></span> <span class='ocrx_word' id='word_1_146' title='bbox 1136 2359 1205 2406; x_wconf 89' lang='lat' dir='ltr'><strong>omn</strong></span> <span class='ocrx_word' id='word_1_147' title='bbox 1236 2343 1344 2408; x_wconf 91' lang='lat' dir='ltr'><strong>rotulis</strong></span> <span class='ocrx_word' id='word_1_148' title='bbox 1371 2346 1435 2412; x_wconf 81' lang='lat' dir='ltr'><strong>suis</strong></span> <span class='ocrx_word' id='word_1_149' title='bbox 1463 2353 1591 2426; x_wconf 89' lang='lat' dir='ltr'><strong>possunt</strong></span> <span class='ocrx_word' id='word_1_150' title='bbox 1617 2344 1807 2411; x_wconf 67' lang='lat' dir='ltr'><strong>commune.</strong></span> <span class='ocrx_word' id='word_1_151' title='bbox 1850 2343 1927 2408; x_wconf 89' lang='lat' dir='ltr'><strong>llinc</strong></span> <span class='ocrx_word' id='word_1_152' title='bbox 1950 2355 1996 2410; x_wconf 89' lang='lat' dir='ltr'><strong>est</strong></span> 
     </span>
     <span class='ocr_line' id='line_1_14' title="bbox 170 2460 1995 2544; baseline 0.001 -18"><span class='ocrx_word' id='word_1_153' title='bbox 170 2461 253 2542; x_wconf 83' lang='lat' dir='ltr'><strong>quod</strong></span> <span class='ocrx_word' id='word_1_154' title='bbox 274 2479 328 2526; x_wconf 79' lang='lat' dir='ltr'><strong>ros</strong></span> <span class='ocrx_word' id='word_1_155' title='bbox 349 2464 489 2542; x_wconf 85' lang='lat' dir='ltr'><strong>pelitnns,</strong></span> <span class='ocrx_word' id='word_1_156' title='bbox 512 2476 655 2544; x_wconf 81' lang='lat' dir='ltr'><strong>rogamus</strong></span> <span class='ocrx_word' id='word_1_157' title='bbox 677 2469 707 2525; x_wconf 89' lang='lat' dir='ltr'><strong>et</strong></span> <span class='ocrx_word' id='word_1_158' title='bbox 727 2460 793 2524; x_wconf 83' lang='lat' dir='ltr'><strong>llari</strong></span> <span class='ocrx_word' id='word_1_159' title='bbox 815 2462 964 2538; x_wconf 85' lang='lat' dir='ltr'><strong>uolumus,</strong></span> <span class='ocrx_word' id='word_1_160' title='bbox 986 2468 1019 2524; x_wconf 93' lang='lat' dir='ltr'><strong>nt</strong></span> <span class='ocrx_word' id='word_1_161' title='bbox 1040 2466 1070 2524; x_wconf 90' lang='lat' dir='ltr'><strong>et</strong></span> <span class='ocrx_word' id='word_1_162' title='bbox 1086 2477 1140 2526; x_wconf 87' lang='lat' dir='ltr'><strong>vos</strong></span> <span class='ocrx_word' id='word_1_163' title='bbox 1162 2461 1261 2526; x_wconf 88' lang='lat' dir='ltr'><strong>taliter</strong></span> <span class='ocrx_word' id='word_1_164' title='bbox 1282 2463 1437 2542; x_wconf 67' lang='lat' dir='ltr'><strong>nmirum,</strong></span> <span class='ocrx_word' id='word_1_165' title='bbox 1459 2465 1530 2544; x_wconf 77' lang='lat' dir='ltr'><strong>qnia</strong></span> <span class='ocrx_word' id='word_1_166' title='bbox 1551 2464 1673 2530; x_wconf 76' lang='lat' dir='ltr'><strong>anobis</strong></span> <span class='ocrx_word' id='word_1_167' title='bbox 1687 2463 1854 2530; x_wconf 88' lang='lat' dir='ltr'><strong>secundum</strong></span> <span class='ocrx_word' id='word_1_168' title='bbox 1876 2462 1995 2528; x_wconf 87' lang='lat' dir='ltr'><strong>rotulas</strong></span> 
     </span>
     <span class='ocr_line' id='line_1_15' title="bbox 169 2579 1995 2664; baseline 0.001 -18"><span class='ocrx_word' id='word_1_169' title='bbox 169 2599 243 2647; x_wconf 89' lang='lat' dir='ltr'><strong>suas</strong></span> <span class='ocrx_word' id='word_1_170' title='bbox 260 2581 380 2664; x_wconf 89' lang='lat' dir='ltr'><strong>planam</strong></span> <span class='ocrx_word' id='word_1_171' title='bbox 404 2579 516 2644; x_wconf 85' lang='lat' dir='ltr'><strong>habere</strong></span> <span class='ocrx_word' id='word_1_172' title='bbox 532 2579 671 2644; x_wconf 83' lang='lat' dir='ltr'><strong>volumus</strong></span> <span class='ocrx_word' id='word_1_173' title='bbox 690 2581 952 2658; x_wconf 76' lang='lat' dir='ltr'><strong>competitionem,</strong></span> <span class='ocrx_word' id='word_1_174' title='bbox 974 2588 1005 2644; x_wconf 89' lang='lat' dir='ltr'><strong>et</strong></span> <span class='ocrx_word' id='word_1_175' title='bbox 1024 2595 1080 2644; x_wconf 89' lang='lat' dir='ltr'><strong>nos</strong></span> <span class='ocrx_word' id='word_1_176' title='bbox 1102 2595 1266 2646; x_wconf 82' lang='lat' dir='ltr'><strong>econverso</strong></span> <span class='ocrx_word' id='word_1_177' title='bbox 1282 2582 1368 2646; x_wconf 79' lang='lat' dir='ltr'><strong>vonis</strong></span> <span class='ocrx_word' id='word_1_178' title='bbox 1388 2583 1513 2662; x_wconf 57' lang='lat' dir='ltr'><strong>wnam</strong></span> <span class='ocrx_word' id='word_1_179' title='bbox 1534 2584 1786 2664; x_wconf 82' lang='lat' dir='ltr'><strong>compotationem</strong></span> <span class='ocrx_word' id='word_1_180' title='bbox 1799 2581 1945 2650; x_wconf 85' lang='lat' dir='ltr'><strong>iaciemus</strong></span> <span class='ocrx_word' id='word_1_181' title='bbox 1965 2591 1995 2648; x_wconf 93' lang='lat' dir='ltr'><strong>et</strong></span> 
     </span>
     <span class='ocr_line' id='line_1_16' title="bbox 169 2697 1997 2780; baseline 0.001 -16"><span class='ocrx_word' id='word_1_182' title='bbox 169 2701 320 2779; x_wconf 80' lang='lat' dir='ltr'><strong>volumus,</strong></span> <span class='ocrx_word' id='word_1_183' title='bbox 342 2708 372 2764; x_wconf 85' lang='lat' dir='ltr'><strong>rt</strong></span> <span class='ocrx_word' id='word_1_184' title='bbox 393 2701 483 2764; x_wconf 79' lang='lat' dir='ltr'><strong>caeni</strong></span> <span class='ocrx_word' id='word_1_185' title='bbox 505 2698 682 2764; x_wconf 79' lang='lat' dir='ltr'><strong>collectores</strong></span> <span class='ocrx_word' id='word_1_186' title='bbox 703 2697 808 2764; x_wconf 85' lang='lat' dir='ltr'><strong>eedem</strong></span> <span class='ocrx_word' id='word_1_187' title='bbox 829 2707 977 2779; x_wconf 80' lang='lat' dir='ltr'><strong>potestate</strong></span> <span class='ocrx_word' id='word_1_188' title='bbox 998 2707 1127 2777; x_wconf 82' lang='lat' dir='ltr'><strong>utemur,</strong></span> <span class='ocrx_word' id='word_1_189' title='bbox 1150 2699 1227 2764; x_wconf 90' lang='lat' dir='ltr'><strong>sicut</strong></span> <span class='ocrx_word' id='word_1_190' title='bbox 1248 2709 1278 2764; x_wconf 89' lang='lat' dir='ltr'><strong>et</strong></span> <span class='ocrx_word' id='word_1_191' title='bbox 1297 2704 1404 2766; x_wconf 88' lang='lat' dir='ltr'><strong>nostrl.</strong></span> <span class='ocrx_word' id='word_1_192' title='bbox 1438 2701 1585 2767; x_wconf 85' lang='lat' dir='ltr'><strong>Volumus</strong></span> <span class='ocrx_word' id='word_1_193' title='bbox 1606 2702 1697 2768; x_wconf 73' lang='lat' dir='ltr'><strong>mam</strong></span> <span class='ocrx_word' id='word_1_194' title='bbox 1719 2717 1757 2766; x_wconf 87' lang='lat' dir='ltr'><strong>ue</strong></span> <span class='ocrx_word' id='word_1_195' title='bbox 1778 2700 1887 2780; x_wconf 82' lang='lat' dir='ltr'><strong>uliquis</strong></span> <span class='ocrx_word' id='word_1_196' title='bbox 1908 2703 1997 2766; x_wconf 88' lang='lat' dir='ltr'><strong>scotti</strong></span> 
     </span>
     <span class='ocr_line' id='line_1_17' title="bbox 170 2817 1997 2904; baseline 0 -18"><span class='ocrx_word' id='word_1_197' title='bbox 170 2823 267 2886; x_wconf 81' lang='lat' dir='ltr'><strong>nosni</strong></span> <span class='ocrx_word' id='word_1_198' title='bbox 296 2817 412 2885; x_wconf 90' lang='lat' dir='ltr'><strong>rotulas</strong></span> <span class='ocrx_word' id='word_1_199' title='bbox 440 2817 551 2884; x_wconf 79' lang='lat' dir='ltr'><strong>habeat</strong></span> <span class='ocrx_word' id='word_1_200' title='bbox 579 2835 634 2882; x_wconf 90' lang='lat' dir='ltr'><strong>nec</strong></span> <span class='ocrx_word' id='word_1_201' title='bbox 660 2817 825 2896; x_wconf 87' lang='lat' dir='ltr'><strong>custodiat,</strong></span> <span class='ocrx_word' id='word_1_202' title='bbox 854 2818 906 2884; x_wconf 80' lang='lat' dir='ltr'><strong>sad</strong></span> <span class='ocrx_word' id='word_1_203' title='bbox 934 2819 993 2884; x_wconf 86' lang='lat' dir='ltr'><strong>soli</strong></span> <span class='ocrx_word' id='word_1_204' title='bbox 1020 2819 1212 2896; x_wconf 78' lang='lat' dir='ltr'><strong>mdectores,</strong></span> <span class='ocrx_word' id='word_1_205' title='bbox 1241 2828 1270 2883; x_wconf 92' lang='lat' dir='ltr'><strong>et</strong></span> <span class='ocrx_word' id='word_1_206' title='bbox 1297 2822 1324 2884; x_wconf 83' lang='lat' dir='ltr'><strong>si</strong></span> <span class='ocrx_word' id='word_1_207' title='bbox 1352 2822 1507 2904; x_wconf 70' lang='lat' dir='ltr'><strong>contingat</strong></span> <span class='ocrx_word' id='word_1_208' title='bbox 1532 2819 1663 2899; x_wconf 82' lang='lat' dir='ltr'><strong>aliquem</strong></span> <span class='ocrx_word' id='word_1_209' title='bbox 1692 2819 1886 2884; x_wconf 88' lang='lat' dir='ltr'><strong>collectorem</strong></span> <span class='ocrx_word' id='word_1_210' title='bbox 1914 2823 1997 2886; x_wconf 80' lang='lat' dir='ltr'><strong>erite</strong></span> 
     </span>
     <span class='ocr_line' id='line_1_18' title="bbox 168 2935 1997 3025; baseline -0.001 -19"><span class='ocrx_word' id='word_1_211' title='bbox 168 2941 302 3006; x_wconf 81' lang='lat' dir='ltr'><strong>officinm</strong></span> <span class='ocrx_word' id='word_1_212' title='bbox 324 2955 423 3016; x_wconf 90' lang='lat' dir='ltr'><strong>snum,</strong></span> <span class='ocrx_word' id='word_1_213' title='bbox 445 2937 585 3002; x_wconf 85' lang='lat' dir='ltr'><strong>uolumus</strong></span> <span class='ocrx_word' id='word_1_214' title='bbox 601 2945 630 3001; x_wconf 84' lang='lat' dir='ltr'><strong>rt</strong></span> <span class='ocrx_word' id='word_1_215' title='bbox 652 2951 741 3002; x_wconf 84' lang='lat' dir='ltr'><strong>suum</strong></span> <span class='ocrx_word' id='word_1_216' title='bbox 760 2935 875 3002; x_wconf 81' lang='lat' dir='ltr'><strong>iactum</strong></span> <span class='ocrx_word' id='word_1_217' title='bbox 897 2936 1009 3020; x_wconf 75' lang='lat' dir='ltr'><strong>sigillet</strong></span> <span class='ocrx_word' id='word_1_218' title='bbox 1029 2944 1059 3000; x_wconf 92' lang='lat' dir='ltr'><strong>et</strong></span> <span class='ocrx_word' id='word_1_219' title='bbox 1080 2936 1229 3025; x_wconf 83' lang='lat' dir='ltr'><strong>custodiat</strong></span> <span class='ocrx_word' id='word_1_220' title='bbox 1250 2955 1345 3018; x_wconf 84' lang='lat' dir='ltr'><strong>usqne</strong></span> <span class='ocrx_word' id='word_1_221' title='bbox 1366 2939 1406 3004; x_wconf 92' lang='lat' dir='ltr'><strong>ad</strong></span> <span class='ocrx_word' id='word_1_222' title='bbox 1427 2937 1551 3018; x_wconf 88' lang='lat' dir='ltr'><strong>plenam</strong></span> <span class='ocrx_word' id='word_1_223' title='bbox 1564 2939 1829 3019; x_wconf 86' lang='lat' dir='ltr'><strong>unmpntntionenr,</strong></span> <span class='ocrx_word' id='word_1_224' title='bbox 1851 2940 1944 3004; x_wconf 90' lang='lat' dir='ltr'><strong>eliam</strong></span> <span class='ocrx_word' id='word_1_225' title='bbox 1964 2947 1997 3004; x_wconf 91' lang='lat' dir='ltr'><strong>ut</strong></span> 
     </span>
     <span class='ocr_line' id='line_1_19' title="bbox 169 3027 1995 3137; baseline -0.001 -13"><span class='ocrx_word' id='word_1_226' title='bbox 169 3060 349 3126; x_wconf 80' lang='lat' dir='ltr'><strong>collectores</strong></span> <span class='ocrx_word' id='word_1_227' title='bbox 369 3063 497 3120; x_wconf 90' lang='lat' dir='ltr'><strong>scottum</strong></span> <span class='ocrx_word' id='word_1_228' title='bbox 519 3073 538 3118; x_wconf 90' lang='lat' dir='ltr'><strong>a</strong></span> <span class='ocrx_word' id='word_1_229' title='bbox 560 3055 695 3136; x_wconf 78' lang='lat' dir='ltr'><strong>quolibet</strong></span> <span class='ocrx_word' id='word_1_230' title='bbox 721 3027 777 3136; x_wconf 71' lang='lat' dir='ltr'><strong>per</strong></span> <span class='ocrx_word' id='word_1_231' title='bbox 805 3071 963 3119; x_wconf 67' lang='lat' dir='ltr'><strong>namnum</strong></span> <span class='ocrx_word' id='word_1_232' title='bbox 992 3057 1139 3134; x_wconf 91' lang='lat' dir='ltr'><strong>recipiant</strong></span> <span class='ocrx_word' id='word_1_233' title='bbox 1164 3063 1193 3120; x_wconf 91' lang='lat' dir='ltr'><strong>et</strong></span> <span class='ocrx_word' id='word_1_234' title='bbox 1221 3074 1277 3137; x_wconf 88' lang='lat' dir='ltr'><strong>per</strong></span> <span class='ocrx_word' id='word_1_235' title='bbox 1303 3057 1432 3122; x_wconf 79' lang='lat' dir='ltr'><strong>arduum</strong></span> <span class='ocrx_word' id='word_1_236' title='bbox 1453 3059 1654 3122; x_wconf 87' lang='lat' dir='ltr'><strong>iuramentum</strong></span> <span class='ocrx_word' id='word_1_237' title='bbox 1683 3065 1714 3122; x_wconf 90' lang='lat' dir='ltr'><strong>et</strong></span> <span class='ocrx_word' id='word_1_238' title='bbox 1741 3056 1827 3122; x_wconf 88' lang='lat' dir='ltr'><strong>illum</strong></span> <span class='ocrx_word' id='word_1_239' title='bbox 1849 3073 1918 3122; x_wconf 85' lang='lat' dir='ltr'><strong>cnm</strong></span> <span class='ocrx_word' id='word_1_240' title='bbox 1940 3073 1995 3123; x_wconf 82' lang='lat' dir='ltr'><strong>sna</strong></span> 
     </span>
     <span class='ocr_line' id='line_1_20' title="bbox 168 3172 1995 3272; baseline -0.003 -27"><span class='ocrx_word' id='word_1_241' title='bbox 168 3195 288 3245; x_wconf 89' lang='lat' dir='ltr'><strong>summa</strong></span> <span class='ocrx_word' id='word_1_242' title='bbox 309 3183 340 3241; x_wconf 89' lang='lat' dir='ltr'><strong>in</strong></span> <span class='ocrx_word' id='word_1_243' title='bbox 362 3175 469 3240; x_wconf 88' lang='lat' dir='ltr'><strong>rotulis</strong></span> <span class='ocrx_word' id='word_1_244' title='bbox 489 3176 553 3239; x_wconf 86' lang='lat' dir='ltr'><strong>snit</strong></span> <span class='ocrx_word' id='word_1_245' title='bbox 574 3175 703 3258; x_wconf 77' lang='lat' dir='ltr'><strong>signent,</strong></span> <span class='ocrx_word' id='word_1_246' title='bbox 724 3176 795 3238; x_wconf 88' lang='lat' dir='ltr'><strong>item</strong></span> <span class='ocrx_word' id='word_1_247' title='bbox 816 3172 898 3254; x_wconf 81' lang='lat' dir='ltr'><strong>qnod</strong></span> <span class='ocrx_word' id='word_1_248' title='bbox 920 3173 957 3238; x_wconf 91' lang='lat' dir='ltr'><strong>de</strong></span> <span class='ocrx_word' id='word_1_249' title='bbox 978 3174 1037 3238; x_wconf 80' lang='lat' dir='ltr'><strong>noc</strong></span> <span class='ocrx_word' id='word_1_250' title='bbox 1058 3183 1155 3240; x_wconf 87' lang='lat' dir='ltr'><strong>scotto</strong></span> <span class='ocrx_word' id='word_1_251' title='bbox 1172 3174 1256 3240; x_wconf 90' lang='lat' dir='ltr'><strong>nulla</strong></span> <span class='ocrx_word' id='word_1_252' title='bbox 1272 3178 1401 3255; x_wconf 90' lang='lat' dir='ltr'><strong>pecunia</strong></span> <span class='ocrx_word' id='word_1_253' title='bbox 1416 3175 1455 3241; x_wconf 87' lang='lat' dir='ltr'><strong>nd</strong></span> <span class='ocrx_word' id='word_1_254' title='bbox 1471 3173 1552 3256; x_wconf 87' lang='lat' dir='ltr'><strong>quod</strong></span> <span class='ocrx_word' id='word_1_255' title='bbox 1567 3173 1682 3242; x_wconf 85' lang='lat' dir='ltr'><strong>luctum</strong></span> <span class='ocrx_word' id='word_1_256' title='bbox 1697 3173 1921 3272; x_wconf 65' lang='lat' dir='ltr'><strong>nonanes)</strong></span> <span class='ocrx_word' id='word_1_257' title='bbox 1941 3175 1995 3240; x_wconf 87' lang='lat' dir='ltr'><strong>sed</strong></span> 
     </span>
     <span class='ocr_line' id='line_1_21' title="bbox 167 3291 1993 3376; baseline -0.001 -14"><span class='ocrx_word' id='word_1_258' title='bbox 167 3299 236 3362; x_wconf 90' lang='lat' dir='ltr'><strong>sola</strong></span> <span class='ocrx_word' id='word_1_259' title='bbox 257 3297 400 3376; x_wconf 88' lang='lat' dir='ltr'><strong>pecnnia,</strong></span> <span class='ocrx_word' id='word_1_260' title='bbox 426 3311 485 3375; x_wconf 89' lang='lat' dir='ltr'><strong>qne</strong></span> <span class='ocrx_word' id='word_1_261' title='bbox 506 3310 649 3360; x_wconf 82' lang='lat' dir='ltr'><strong>coneesm</strong></span> <span class='ocrx_word' id='word_1_262' title='bbox 671 3291 729 3356; x_wconf 89' lang='lat' dir='ltr'><strong>luit</strong></span> <span class='ocrx_word' id='word_1_263' title='bbox 748 3291 788 3357; x_wconf 86' lang='lat' dir='ltr'><strong>ad</strong></span> <span class='ocrx_word' id='word_1_264' title='bbox 808 3292 936 3373; x_wconf 78' lang='lat' dir='ltr'><strong>libram,</strong></span> <span class='ocrx_word' id='word_1_265' title='bbox 964 3311 1022 3374; x_wconf 86' lang='lat' dir='ltr'><strong>pro</strong></span> <span class='ocrx_word' id='word_1_266' title='bbox 1043 3311 1104 3375; x_wconf 89' lang='lat' dir='ltr'><strong>qua</strong></span> <span class='ocrx_word' id='word_1_267' title='bbox 1126 3309 1204 3360; x_wconf 88' lang='lat' dir='ltr'><strong>nune</strong></span> <span class='ocrx_word' id='word_1_268' title='bbox 1225 3295 1399 3375; x_wconf 84' lang='lat' dir='ltr'><strong>laboratur,</strong></span> <span class='ocrx_word' id='word_1_269' title='bbox 1427 3304 1457 3360; x_wconf 91' lang='lat' dir='ltr'><strong>et</strong></span> <span class='ocrx_word' id='word_1_270' title='bbox 1478 3298 1536 3362; x_wconf 86' lang='lat' dir='ltr'><strong>noe</strong></span> <span class='ocrx_word' id='word_1_271' title='bbox 1557 3297 1803 3364; x_wconf 73' lang='lat' dir='ltr'><strong>onninamente</strong></span> <span class='ocrx_word' id='word_1_272' title='bbox 1824 3295 1993 3360; x_wconf 87' lang='lat' dir='ltr'><strong>conurnet</strong></span> 
     </span>
     <span class='ocr_line' id='line_1_22' title="bbox 167 3410 1994 3497; baseline -0.001 -15"><span class='ocrx_word' id='word_1_273' title='bbox 167 3419 295 3497; x_wconf 91' lang='lat' dir='ltr'><strong>lusnper</strong></span> <span class='ocrx_word' id='word_1_274' title='bbox 314 3415 463 3492; x_wconf 82' lang='lat' dir='ltr'><strong>volumus,</strong></span> <span class='ocrx_word' id='word_1_275' title='bbox 487 3423 519 3478; x_wconf 88' lang='lat' dir='ltr'><strong>nt</strong></span> <span class='ocrx_word' id='word_1_276' title='bbox 538 3417 566 3478; x_wconf 86' lang='lat' dir='ltr'><strong>si</strong></span> <span class='ocrx_word' id='word_1_277' title='bbox 586 3414 655 3492; x_wconf 79' lang='lat' dir='ltr'><strong>nnis</strong></span> <span class='ocrx_word' id='word_1_278' title='bbox 676 3410 805 3476; x_wconf 83' lang='lat' dir='ltr'><strong>fratrum</strong></span> <span class='ocrx_word' id='word_1_279' title='bbox 825 3422 999 3479; x_wconf 85' lang='lat' dir='ltr'><strong>nostrornm</strong></span> <span class='ocrx_word' id='word_1_280' title='bbox 1020 3417 1184 3494; x_wconf 82' lang='lat' dir='ltr'><strong>transierit,</strong></span> <span class='ocrx_word' id='word_1_281' title='bbox 1205 3424 1235 3480; x_wconf 91' lang='lat' dir='ltr'><strong>et</strong></span> <span class='ocrx_word' id='word_1_282' title='bbox 1257 3415 1436 3496; x_wconf 71' lang='lat' dir='ltr'><strong>meritust)</strong></span> <span class='ocrx_word' id='word_1_283' title='bbox 1457 3432 1518 3483; x_wconf 92' lang='lat' dir='ltr'><strong>non</strong></span> <span class='ocrx_word' id='word_1_284' title='bbox 1538 3415 1728 3494; x_wconf 71' lang='lat' dir='ltr'><strong>omnnem,</strong></span> <span class='ocrx_word' id='word_1_285' title='bbox 1750 3425 1784 3481; x_wconf 93' lang='lat' dir='ltr'><strong>ut</strong></span> <span class='ocrx_word' id='word_1_286' title='bbox 1804 3416 1874 3480; x_wconf 84' lang='lat' dir='ltr'><strong>talis</strong></span> <span class='ocrx_word' id='word_1_287' title='bbox 1894 3415 1994 3480; x_wconf 83' lang='lat' dir='ltr'><strong>littera</strong></span> 
     </span>
     <span class='ocr_line' id='line_1_23' title="bbox 169 3532 1993 3616; baseline -0.003 -14"><span class='ocrx_word' id='word_1_288' title='bbox 169 3537 340 3602; x_wconf 85' lang='lat' dir='ltr'><strong>senioribus</strong></span> <span class='ocrx_word' id='word_1_289' title='bbox 361 3537 473 3598; x_wconf 84' lang='lat' dir='ltr'><strong>nosuis</strong></span> <span class='ocrx_word' id='word_1_290' title='bbox 495 3542 578 3598; x_wconf 87' lang='lat' dir='ltr'><strong>trans</strong></span> <span class='ocrx_word' id='word_1_291' title='bbox 600 3547 684 3596; x_wconf 85' lang='lat' dir='ltr'><strong>mare</strong></span> <span class='ocrx_word' id='word_1_292' title='bbox 704 3532 871 3612; x_wconf 75' lang='lat' dir='ltr'><strong>scribatur,</strong></span> <span class='ocrx_word' id='word_1_293' title='bbox 895 3541 928 3596; x_wconf 92' lang='lat' dir='ltr'><strong>ut</strong></span> <span class='ocrx_word' id='word_1_294' title='bbox 948 3535 987 3598; x_wconf 85' lang='lat' dir='ltr'><strong>ab</strong></span> <span class='ocrx_word' id='word_1_295' title='bbox 1008 3533 1063 3598; x_wconf 90' lang='lat' dir='ltr'><strong>illo</strong></span> <span class='ocrx_word' id='word_1_296' title='bbox 1084 3534 1138 3598; x_wconf 90' lang='lat' dir='ltr'><strong>llll</strong></span> <span class='ocrx_word' id='word_1_297' title='bbox 1159 3536 1236 3600; x_wconf 88' lang='lat' dir='ltr'><strong>libre</strong></span> <span class='ocrx_word' id='word_1_298' title='bbox 1257 3550 1314 3616; x_wconf 89' lang='lat' dir='ltr'><strong>pro</strong></span> <span class='ocrx_word' id='word_1_299' title='bbox 1335 3551 1429 3616; x_wconf 86' lang='lat' dir='ltr'><strong>pena,</strong></span> <span class='ocrx_word' id='word_1_300' title='bbox 1452 3553 1509 3600; x_wconf 86' lang='lat' dir='ltr'><strong>rna</strong></span> <span class='ocrx_word' id='word_1_301' title='bbox 1531 3552 1600 3607; x_wconf 81' lang='lat' dir='ltr'><strong>eum</strong></span> <span class='ocrx_word' id='word_1_302' title='bbox 1622 3543 1719 3601; x_wconf 80' lang='lat' dir='ltr'><strong>sendo</strong></span> <span class='ocrx_word' id='word_1_303' title='bbox 1739 3550 1807 3616; x_wconf 88' lang='lat' dir='ltr'><strong>suo,</strong></span> <span class='ocrx_word' id='word_1_304' title='bbox 1830 3533 1993 3612; x_wconf 86' lang='lat' dir='ltr'><strong>tolluntur;</strong></span> 
     </span>
     <span class='ocr_line' id='line_1_24' title="bbox 169 3650 1995 3744; baseline -0.001 -22"><span class='ocrx_word' id='word_1_305' title='bbox 169 3661 197 3722; x_wconf 89' lang='lat' dir='ltr'><strong>si</strong></span> <span class='ocrx_word' id='word_1_306' title='bbox 221 3671 290 3720; x_wconf 80' lang='lat' dir='ltr'><strong>uero</strong></span> <span class='ocrx_word' id='word_1_307' title='bbox 311 3655 485 3744; x_wconf 81' lang='lat' dir='ltr'><strong>immunitus</strong></span> <span class='ocrx_word' id='word_1_308' title='bbox 507 3653 661 3716; x_wconf 88' lang='lat' dir='ltr'><strong>transierit</strong></span> <span class='ocrx_word' id='word_1_309' title='bbox 688 3665 764 3730; x_wconf 92' lang='lat' dir='ltr'><strong>non,</strong></span> <span class='ocrx_word' id='word_1_310' title='bbox 792 3650 847 3718; x_wconf 89' lang='lat' dir='ltr'><strong>sed</strong></span> <span class='ocrx_word' id='word_1_311' title='bbox 874 3651 1004 3735; x_wconf 81' lang='lat' dir='ltr'><strong>simplex</strong></span> <span class='ocrx_word' id='word_1_312' title='bbox 1032 3661 1161 3718; x_wconf 85' lang='lat' dir='ltr'><strong>scottum</strong></span> <span class='ocrx_word' id='word_1_313' title='bbox 1189 3653 1300 3719; x_wconf 84' lang='lat' dir='ltr'><strong>solunt.</strong></span> <span class='ocrx_word' id='word_1_314' title='bbox 1343 3653 1491 3720; x_wconf 89' lang='lat' dir='ltr'><strong>Volumus</strong></span> <span class='ocrx_word' id='word_1_315' title='bbox 1513 3655 1733 3735; x_wconf 84' lang='lat' dir='ltr'><strong>etiam‚·qund</strong></span> <span class='ocrx_word' id='word_1_316' title='bbox 1757 3653 1838 3720; x_wconf 88' lang='lat' dir='ltr'><strong>istud</strong></span> <span class='ocrx_word' id='word_1_317' title='bbox 1866 3660 1995 3720; x_wconf 83' lang='lat' dir='ltr'><strong>scotum</strong></span> 
     </span>
     <span class='ocr_line' id='line_1_25' title="bbox 169 3771 1992 3854; baseline -0.002 -12"><span class='ocrx_word' id='word_1_318' title='bbox 169 3777 308 3842; x_wconf 88' lang='lat' dir='ltr'><strong>soluatur</strong></span> <span class='ocrx_word' id='word_1_319' title='bbox 329 3774 366 3838; x_wconf 91' lang='lat' dir='ltr'><strong>de</strong></span> <span class='ocrx_word' id='word_1_320' title='bbox 387 3772 528 3838; x_wconf 89' lang='lat' dir='ltr'><strong>omnibns</strong></span> <span class='ocrx_word' id='word_1_321' title='bbox 550 3772 653 3849; x_wconf 88' lang='lat' dir='ltr'><strong>bonis,</strong></span> <span class='ocrx_word' id='word_1_322' title='bbox 679 3789 739 3851; x_wconf 76' lang='lat' dir='ltr'><strong>qaue</strong></span> <span class='ocrx_word' id='word_1_323' title='bbox 758 3788 777 3834; x_wconf 88' lang='lat' dir='ltr'><strong>a</strong></span> <span class='ocrx_word' id='word_1_324' title='bbox 799 3780 934 3854; x_wconf 82' lang='lat' dir='ltr'><strong>tempore</strong></span> <span class='ocrx_word' id='word_1_325' title='bbox 955 3771 1091 3852; x_wconf 82' lang='lat' dir='ltr'><strong>paschali</strong></span> <span class='ocrx_word' id='word_1_326' title='bbox 1113 3775 1144 3836; x_wconf 94' lang='lat' dir='ltr'><strong>in</strong></span> <span class='ocrx_word' id='word_1_327' title='bbox 1165 3777 1231 3838; x_wconf 90' lang='lat' dir='ltr'><strong>istis</strong></span> <span class='ocrx_word' id='word_1_328' title='bbox 1252 3778 1340 3838; x_wconf 82' lang='lat' dir='ltr'><strong>terris</strong></span> <span class='ocrx_word' id='word_1_329' title='bbox 1362 3773 1483 3840; x_wconf 84' lang='lat' dir='ltr'><strong>luerunt</strong></span> <span class='ocrx_word' id='word_1_330' title='bbox 1503 3784 1533 3838; x_wconf 91' lang='lat' dir='ltr'><strong>et</strong></span> <span class='ocrx_word' id='word_1_331' title='bbox 1554 3773 1658 3851; x_wconf 85' lang='lat' dir='ltr'><strong>erunt;</strong></span> <span class='ocrx_word' id='word_1_332' title='bbox 1685 3774 1757 3840; x_wconf 89' lang='lat' dir='ltr'><strong>licet</strong></span> <span class='ocrx_word' id='word_1_333' title='bbox 1777 3774 1867 3838; x_wconf 89' lang='lat' dir='ltr'><strong>etiam</strong></span> <span class='ocrx_word' id='word_1_334' title='bbox 1890 3773 1992 3851; x_wconf 77' lang='lat' dir='ltr'><strong>aliona</strong></span> 
     </span>
     <span class='ocr_line' id='line_1_26' title="bbox 173 3889 1993 3975; baseline -0.002 -15"><span class='ocrx_word' id='word_1_335' title='bbox 173 3897 256 3960; x_wconf 81' lang='lat' dir='ltr'><strong>bona</strong></span> <span class='ocrx_word' id='word_1_336' title='bbox 279 3901 347 3958; x_wconf 88' lang='lat' dir='ltr'><strong>ante</strong></span> <span class='ocrx_word' id='word_1_337' title='bbox 367 3891 483 3957; x_wconf 81' lang='lat' dir='ltr'><strong>Pascha</strong></span> <span class='ocrx_word' id='word_1_338' title='bbox 504 3896 535 3954; x_wconf 88' lang='lat' dir='ltr'><strong>in</strong></span> <span class='ocrx_word' id='word_1_339' title='bbox 557 3891 665 3975; x_wconf 80' lang='lat' dir='ltr'><strong>Anglia</strong></span> <span class='ocrx_word' id='word_1_340' title='bbox 688 3889 815 3956; x_wconf 88' lang='lat' dir='ltr'><strong>luissent</strong></span> <span class='ocrx_word' id='word_1_341' title='bbox 836 3897 866 3954; x_wconf 91' lang='lat' dir='ltr'><strong>et</strong></span> <span class='ocrx_word' id='word_1_342' title='bbox 887 3899 956 3973; x_wconf 90' lang='lat' dir='ltr'><strong>post</strong></span> <span class='ocrx_word' id='word_1_343' title='bbox 976 3889 1092 3956; x_wconf 82' lang='lat' dir='ltr'><strong>Pascha</strong></span> <span class='ocrx_word' id='word_1_344' title='bbox 1120 3895 1321 3972; x_wconf 85' lang='lat' dir='ltr'><strong>mansissent,</strong></span> <span class='ocrx_word' id='word_1_345' title='bbox 1351 3893 1389 3958; x_wconf 93' lang='lat' dir='ltr'><strong>de</strong></span> <span class='ocrx_word' id='word_1_346' title='bbox 1410 3893 1472 3958; x_wconf 86' lang='lat' dir='ltr'><strong>illis</strong></span> <span class='ocrx_word' id='word_1_347' title='bbox 1499 3894 1600 3958; x_wconf 81' lang='lat' dir='ltr'><strong>bonis·</strong></span> <span class='ocrx_word' id='word_1_348' title='bbox 1614 3891 1796 3970; x_wconf 76' lang='lat' dir='ltr'><strong>muniadet,</strong></span> <span class='ocrx_word' id='word_1_349' title='bbox 1827 3892 1896 3958; x_wconf 87' lang='lat' dir='ltr'><strong>licet</strong></span> <span class='ocrx_word' id='word_1_350' title='bbox 1924 3900 1993 3958; x_wconf 85' lang='lat' dir='ltr'><strong>anta</strong></span> 
     </span>
     <span class='ocr_line' id='line_1_27' title="bbox 170 3999 1994 4092; baseline -0.002 -13"><span class='ocrx_word' id='word_1_351' title='bbox 170 4015 390 4079; x_wconf 85' lang='lat' dir='ltr'><strong>ordinationem</strong></span> <span class='ocrx_word' id='word_1_352' title='bbox 412 4019 497 4076; x_wconf 83' lang='lat' dir='ltr'><strong>extra</strong></span> <span class='ocrx_word' id='word_1_353' title='bbox 519 4019 616 4074; x_wconf 87' lang='lat' dir='ltr'><strong>terras</strong></span> <span class='ocrx_word' id='word_1_354' title='bbox 636 4007 737 4074; x_wconf 79' lang='lat' dir='ltr'><strong>locent</strong></span> <span class='ocrx_word' id='word_1_355' title='bbox 758 4009 916 4074; x_wconf 77' lang='lat' dir='ltr'><strong>destinata.</strong></span> <span class='ocrx_word' id='word_1_356' title='bbox 954 4009 1052 4074; x_wconf 83' lang='lat' dir='ltr'><strong>litiam</strong></span> <span class='ocrx_word' id='word_1_357' title='bbox 1073 4014 1100 4075; x_wconf 91' lang='lat' dir='ltr'><strong>si</strong></span> <span class='ocrx_word' id='word_1_358' title='bbox 1121 4011 1253 4092; x_wconf 85' lang='lat' dir='ltr'><strong>aliquem</strong></span> <span class='ocrx_word' id='word_1_359' title='bbox 1275 4021 1412 4078; x_wconf 83' lang='lat' dir='ltr'><strong>nostrum</strong></span> <span class='ocrx_word' id='word_1_360' title='bbox 1434 4012 1617 4078; x_wconf 80' lang='lat' dir='ltr'><strong>mnlratrem</strong></span> <span class='ocrx_word' id='word_1_361' title='bbox 1638 4017 1796 4092; x_wconf 89' lang='lat' dir='ltr'><strong>pecuniam</strong></span> <span class='ocrx_word' id='word_1_362' title='bbox 1817 4012 1866 4076; x_wconf 82' lang='lat' dir='ltr'><strong>liic</strong></span> <span class='ocrx_word' id='word_1_363' title='bbox 1888 3999 1994 4076; x_wconf 71' lang='lat' dir='ltr'><strong>tollere</strong></span> 
     </span>
     <span class='ocr_line' id='line_1_28' title="bbox 169 4128 1992 4216; baseline -0.002 -18"><span class='ocrx_word' id='word_1_364' title='bbox 169 4137 340 4216; x_wconf 76' lang='lat' dir='ltr'><strong>contingat,</strong></span> <span class='ocrx_word' id='word_1_365' title='bbox 370 4133 399 4194; x_wconf 86' lang='lat' dir='ltr'><strong>in</strong></span> <span class='ocrx_word' id='word_1_366' title='bbox 421 4130 564 4196; x_wconf 83' lang='lat' dir='ltr'><strong>Flandria</strong></span> <span class='ocrx_word' id='word_1_367' title='bbox 586 4130 631 4193; x_wconf 84' lang='lat' dir='ltr'><strong>rel</strong></span> <span class='ocrx_word' id='word_1_368' title='bbox 654 4128 731 4192; x_wconf 86' lang='lat' dir='ltr'><strong>alias</strong></span> <span class='ocrx_word' id='word_1_369' title='bbox 754 4129 954 4208; x_wconf 88' lang='lat' dir='ltr'><strong>reddendam,</strong></span> <span class='ocrx_word' id='word_1_370' title='bbox 982 4130 1121 4195; x_wconf 80' lang='lat' dir='ltr'><strong>uolumus</strong></span> <span class='ocrx_word' id='word_1_371' title='bbox 1143 4138 1174 4194; x_wconf 84' lang='lat' dir='ltr'><strong>rt</strong></span> <span class='ocrx_word' id='word_1_372' title='bbox 1194 4130 1231 4195; x_wconf 93' lang='lat' dir='ltr'><strong>de</strong></span> <span class='ocrx_word' id='word_1_373' title='bbox 1252 4130 1309 4196; x_wconf 80' lang='lat' dir='ltr'><strong>linc</strong></span> <span class='ocrx_word' id='word_1_374' title='bbox 1330 4130 1507 4210; x_wconf 77' lang='lat' dir='ltr'><strong>satisfaciat,</strong></span> <span class='ocrx_word' id='word_1_375' title='bbox 1531 4133 1584 4197; x_wconf 88' lang='lat' dir='ltr'><strong>teli</strong></span> <span class='ocrx_word' id='word_1_376' title='bbox 1606 4131 1799 4210; x_wconf 81' lang='lat' dir='ltr'><strong>condicione,</strong></span> <span class='ocrx_word' id='word_1_377' title='bbox 1827 4131 1909 4213; x_wconf 86' lang='lat' dir='ltr'><strong>qnod</strong></span> <span class='ocrx_word' id='word_1_378' title='bbox 1931 4147 1992 4194; x_wconf 88' lang='lat' dir='ltr'><strong>nna</strong></span> 
     </span>
     <span class='ocr_line' id='line_1_29' title="bbox 170 4248 1993 4331; baseline -0.001 -15"><span class='ocrx_word' id='word_1_379' title='bbox 170 4252 259 4316; x_wconf 86' lang='lat' dir='ltr'><strong>tollat</strong></span> <span class='ocrx_word' id='word_1_380' title='bbox 280 4251 390 4316; x_wconf 88' lang='lat' dir='ltr'><strong>dietum</strong></span> <span class='ocrx_word' id='word_1_381' title='bbox 412 4251 570 4331; x_wconf 62' lang='lat' dir='ltr'><strong>mentulam</strong></span> <span class='ocrx_word' id='word_1_382' title='bbox 588 4249 764 4314; x_wconf 72' lang='lat' dir='ltr'><strong>succendam</strong></span> <span class='ocrx_word' id='word_1_383' title='bbox 785 4249 825 4314; x_wconf 89' lang='lat' dir='ltr'><strong>de</strong></span> <span class='ocrx_word' id='word_1_384' title='bbox 838 4251 902 4314; x_wconf 88' lang='lat' dir='ltr'><strong>suis</strong></span> <span class='ocrx_word' id='word_1_385' title='bbox 924 4251 1020 4328; x_wconf 78' lang='lat' dir='ltr'><strong>noan,</strong></span> <span class='ocrx_word' id='word_1_386' title='bbox 1042 4248 1080 4314; x_wconf 89' lang='lat' dir='ltr'><strong>de</strong></span> <span class='ocrx_word' id='word_1_387' title='bbox 1102 4250 1211 4330; x_wconf 87' lang='lat' dir='ltr'><strong>quibus</strong></span> <span class='ocrx_word' id='word_1_388' title='bbox 1227 4249 1383 4316; x_wconf 73' lang='lat' dir='ltr'><strong>satisfecit</strong></span> <span class='ocrx_word' id='word_1_389' title='bbox 1417 4250 1563 4318; x_wconf 84' lang='lat' dir='ltr'><strong>Volumus</strong></span> <span class='ocrx_word' id='word_1_390' title='bbox 1584 4253 1717 4316; x_wconf 86' lang='lat' dir='ltr'><strong>etiamsi</strong></span> <span class='ocrx_word' id='word_1_391' title='bbox 1739 4249 1849 4329; x_wconf 76' lang='lat' dir='ltr'><strong>adnuis</strong></span> <span class='ocrx_word' id='word_1_392' title='bbox 1865 4249 1993 4314; x_wconf 80' lang='lat' dir='ltr'><strong>lrauum</strong></span> 
     </span>
     <span class='ocr_line' id='line_1_30' title="bbox 171 4366 1991 4452; baseline -0.001 -17"><span class='ocrx_word' id='word_1_393' title='bbox 171 4380 344 4438; x_wconf 88' lang='lat' dir='ltr'><strong>nostrorum</strong></span> <span class='ocrx_word' id='word_1_394' title='bbox 365 4371 407 4432; x_wconf 89' lang='lat' dir='ltr'><strong>ita</strong></span> <span class='ocrx_word' id='word_1_395' title='bbox 428 4367 543 4433; x_wconf 77' lang='lat' dir='ltr'><strong>ubellis</strong></span> <span class='ocrx_word' id='word_1_396' title='bbox 565 4369 703 4432; x_wconf 89' lang='lat' dir='ltr'><strong>inuentos</strong></span> <span class='ocrx_word' id='word_1_397' title='bbox 723 4366 823 4447; x_wconf 85' lang='lat' dir='ltr'><strong>luerit,</strong></span> <span class='ocrx_word' id='word_1_398' title='bbox 847 4369 927 4448; x_wconf 77' lang='lat' dir='ltr'><strong>cuod</strong></span> <span class='ocrx_word' id='word_1_399' title='bbox 950 4370 1071 4433; x_wconf 81' lang='lat' dir='ltr'><strong>omnino</strong></span> <span class='ocrx_word' id='word_1_400' title='bbox 1093 4369 1267 4434; x_wconf 74' lang='lat' dir='ltr'><strong>satisfacere</strong></span> <span class='ocrx_word' id='word_1_401' title='bbox 1288 4371 1432 4449; x_wconf 87' lang='lat' dir='ltr'><strong>noluerit,</strong></span> <span class='ocrx_word' id='word_1_402' title='bbox 1455 4375 1555 4452; x_wconf 86' lang='lat' dir='ltr'><strong>ipsum</strong></span> <span class='ocrx_word' id='word_1_403' title='bbox 1575 4374 1707 4452; x_wconf 60' lang='lat' dir='ltr'><strong>uenam,</strong></span> <span class='ocrx_word' id='word_1_404' title='bbox 1729 4369 1825 4434; x_wconf 89' lang='lat' dir='ltr'><strong>donec</strong></span> <span class='ocrx_word' id='word_1_405' title='bbox 1845 4372 1991 4434; x_wconf 85' lang='lat' dir='ltr'><strong>maiorem</strong></span> 
     </span>
     <span class='ocr_line' id='line_1_31' title="bbox 168 4484 1994 4572; baseline 0 -18"><span class='ocrx_word' id='word_1_406' title='bbox 168 4497 348 4570; x_wconf 86' lang='lat' dir='ltr'><strong>potestatem</strong></span> <span class='ocrx_word' id='word_1_407' title='bbox 370 4495 492 4552; x_wconf 82' lang='lat' dir='ltr'><strong>nostrus</strong></span> <span class='ocrx_word' id='word_1_408' title='bbox 518 4484 625 4550; x_wconf 69' lang='lat' dir='ltr'><strong>stanes</strong></span> <span class='ocrx_word' id='word_1_409' title='bbox 652 4487 796 4566; x_wconf 89' lang='lat' dir='ltr'><strong>puniendi</strong></span> <span class='ocrx_word' id='word_1_410' title='bbox 821 4487 997 4552; x_wconf 70' lang='lat' dir='ltr'><strong>hnhmnas.</strong></span> <span class='ocrx_word' id='word_1_411' title='bbox 1039 4487 1175 4567; x_wconf 73' lang='lat' dir='ltr'><strong>Etonia</strong></span> <span class='ocrx_word' id='word_1_412' title='bbox 1199 4489 1280 4552; x_wconf 83' lang='lat' dir='ltr'><strong>iatttd</strong></span> <span class='ocrx_word' id='word_1_413' title='bbox 1306 4497 1434 4556; x_wconf 83' lang='lat' dir='ltr'><strong>scotutm</strong></span> <span class='ocrx_word' id='word_1_414' title='bbox 1461 4489 1500 4554; x_wconf 89' lang='lat' dir='ltr'><strong>ad</strong></span> <span class='ocrx_word' id='word_1_415' title='bbox 1528 4495 1659 4572; x_wconf 60' lang='lat' dir='ltr'><strong>undum</strong></span> <span class='ocrx_word' id='word_1_416' title='bbox 1687 4533 1822 4552; x_wconf 90' lang='grc'><strong>.......</strong></span> <span class='ocrx_word' id='word_1_417' title='bbox 1851 4506 1920 4553; x_wconf 89' lang='lat' dir='ltr'><strong>cum</strong></span> <span class='ocrx_word' id='word_1_418' title='bbox 1947 4498 1994 4554; x_wconf 87' lang='lat' dir='ltr'><strong>est</strong></span> 
     </span>
     <span class='ocr_line' id='line_1_32' title="bbox 169 4605 1994 4689; baseline 0 -16"><span class='ocrx_word' id='word_1_419' title='bbox 169 4607 352 4685; x_wconf 89' lang='lat' dir='ltr'><strong>ordinatum,</strong></span> <span class='ocrx_word' id='word_1_420' title='bbox 374 4606 468 4683; x_wconf 84' lang='lat' dir='ltr'><strong>decet,</strong></span> <span class='ocrx_word' id='word_1_421' title='bbox 491 4613 521 4668; x_wconf 86' lang='lat' dir='ltr'><strong>rt</strong></span> <span class='ocrx_word' id='word_1_422' title='bbox 541 4623 577 4669; x_wconf 90' lang='lat' dir='ltr'><strong>eo</strong></span> <span class='ocrx_word' id='word_1_423' title='bbox 595 4605 683 4670; x_wconf 82' lang='lat' dir='ltr'><strong>nobis</strong></span> <span class='ocrx_word' id='word_1_424' title='bbox 699 4607 817 4672; x_wconf 79' lang='lat' dir='ltr'><strong>medius</strong></span> <span class='ocrx_word' id='word_1_425' title='bbox 830 4607 866 4685; x_wconf 77' lang='lat'><strong>⁴)</strong></span> <span class='ocrx_word' id='word_1_426' title='bbox 888 4615 918 4672; x_wconf 90' lang='lat' dir='ltr'><strong>et</strong></span> <span class='ocrx_word' id='word_1_427' title='bbox 939 4607 1103 4672; x_wconf 82' lang='lat' dir='ltr'><strong>districtim</strong></span> <span class='ocrx_word' id='word_1_428' title='bbox 1124 4607 1162 4670; x_wconf 91' lang='lat' dir='ltr'><strong>de</strong></span> <span class='ocrx_word' id='word_1_429' title='bbox 1182 4612 1444 4689; x_wconf 82' lang='lat' dir='ltr'><strong>conputationllrns</strong></span> <span class='ocrx_word' id='word_1_430' title='bbox 1467 4611 1577 4674; x_wconf 80' lang='lat' dir='ltr'><strong>noenia</strong></span> <span class='ocrx_word' id='word_1_431' title='bbox 1597 4608 1822 4689; x_wconf 76' lang='lat' dir='ltr'><strong>prou&#39;deantns.</strong></span> <span class='ocrx_word' id='word_1_432' title='bbox 1865 4608 1903 4672; x_wconf 79' lang='lat' dir='ltr'><strong>lit</strong></span> <span class='ocrx_word' id='word_1_433' title='bbox 1923 4610 1994 4686; x_wconf 82' lang='lat' dir='ltr'><strong>quio</strong></span> 
     </span>
     <span class='ocr_line' id='line_1_33' title="bbox 170 4725 1992 4810; baseline 0 -19"><span class='ocrx_word' id='word_1_434' title='bbox 170 4727 352 4792; x_wconf 86' lang='lat' dir='ltr'><strong>ordinationi</strong></span> <span class='ocrx_word' id='word_1_435' title='bbox 382 4736 483 4790; x_wconf 89' lang='lat' dir='ltr'><strong>nostre</strong></span> <span class='ocrx_word' id='word_1_436' title='bbox 511 4741 567 4805; x_wconf 90' lang='lat' dir='ltr'><strong>per</strong></span> <span class='ocrx_word' id='word_1_437' title='bbox 594 4725 708 4790; x_wconf 89' lang='lat' dir='ltr'><strong>litteras</strong></span> <span class='ocrx_word' id='word_1_438' title='bbox 736 4736 851 4791; x_wconf 86' lang='lat' dir='ltr'><strong>vestras</strong></span> <span class='ocrx_word' id='word_1_439' title='bbox 879 4735 967 4792; x_wconf 88' lang='lat' dir='ltr'><strong>antea</strong></span> <span class='ocrx_word' id='word_1_440' title='bbox 997 4728 1084 4790; x_wconf 82' lang='lat' dir='ltr'><strong>nonis</strong></span> <span class='ocrx_word' id='word_1_441' title='bbox 1112 4743 1290 4792; x_wconf 86' lang='lat' dir='ltr'><strong>consensum</strong></span> <span class='ocrx_word' id='word_1_442' title='bbox 1319 4737 1451 4794; x_wconf 80' lang='lat' dir='ltr'><strong>resnnm</strong></span> <span class='ocrx_word' id='word_1_443' title='bbox 1477 4729 1653 4806; x_wconf 84' lang='lat' dir='ltr'><strong>intimastis,</strong></span> <span class='ocrx_word' id='word_1_444' title='bbox 1683 4743 1826 4810; x_wconf 73' lang='lat' dir='ltr'><strong>rogamus</strong></span> <span class='ocrx_word' id='word_1_445' title='bbox 1854 4736 1888 4791; x_wconf 90' lang='lat' dir='ltr'><strong>ut</strong></span> <span class='ocrx_word' id='word_1_446' title='bbox 1913 4727 1992 4795; x_wconf 84' lang='lat' dir='ltr'><strong>nanc</strong></span> 
     </span>
     <span class='ocr_line' id='line_1_34' title="bbox 103 4816 1991 4926; baseline -0.001 -13"><span class='ocrx_word' id='word_1_447' title='bbox 103 4816 108 4838; x_wconf 38' lang='grc'><strong>“</strong></span> <span class='ocrx_word' id='word_1_448' title='bbox 170 4848 391 4913; x_wconf 90' lang='lat' dir='ltr'><strong>ordinationem</strong></span> <span class='ocrx_word' id='word_1_449' title='bbox 413 4863 432 4908; x_wconf 86' lang='lat' dir='ltr'><strong>u</strong></span> <span class='ocrx_word' id='word_1_450' title='bbox 459 4843 547 4908; x_wconf 86' lang='lat' dir='ltr'><strong>nobis</strong></span> <span class='ocrx_word' id='word_1_451' title='bbox 574 4849 773 4910; x_wconf 90' lang='lat' dir='ltr'><strong>communiter</strong></span> <span class='ocrx_word' id='word_1_452' title='bbox 799 4847 968 4911; x_wconf 90' lang='lat' dir='ltr'><strong>ordinatam</strong></span> <span class='ocrx_word' id='word_1_453' title='bbox 996 4851 1054 4926; x_wconf 89' lang='lat' dir='ltr'><strong>pro</strong></span> <span class='ocrx_word' id='word_1_454' title='bbox 1082 4849 1234 4910; x_wconf 92' lang='lat' dir='ltr'><strong>communi</strong></span> <span class='ocrx_word' id='word_1_455' title='bbox 1260 4855 1363 4912; x_wconf 92' lang='lat' dir='ltr'><strong>nostra</strong></span> <span class='ocrx_word' id='word_1_456' title='bbox 1387 4849 1525 4925; x_wconf 76' lang='lat' dir='ltr'><strong>utilitate,</strong></span> <span class='ocrx_word' id='word_1_457' title='bbox 1555 4849 1632 4911; x_wconf 88' lang='lat' dir='ltr'><strong>sieut</strong></span> <span class='ocrx_word' id='word_1_458' title='bbox 1659 4847 1747 4912; x_wconf 89' lang='lat' dir='ltr'><strong>nobis</strong></span> <span class='ocrx_word' id='word_1_459' title='bbox 1769 4845 1901 4925; x_wconf 81' lang='lat' dir='ltr'><strong>videtur,</strong></span> <span class='ocrx_word' id='word_1_460' title='bbox 1931 4864 1991 4912; x_wconf 92' lang='lat' dir='ltr'><strong>non</strong></span> 
     </span>
    </p>
   </div>
   <div class='ocr_carea' id='block_1_4' title="bbox 170 4962 2124 5050">
    <p class='ocr_par' dir='ltr' id='par_1_4' title="bbox 170 4962 2124 5050">
     <span class='ocr_line' id='line_1_35' title="bbox 170 4962 2124 5050; baseline -0.001 -20"><span class='ocrx_word' id='word_1_461' title='bbox 170 4966 294 5050; x_wconf 79' lang='lat' dir='ltr'><strong>indigne</strong></span> <span class='ocrx_word' id='word_1_462' title='bbox 322 4965 433 5030; x_wconf 87' lang='lat' dir='ltr'><strong>ieratis.</strong></span> <span class='ocrx_word' id='word_1_463' title='bbox 487 4962 591 5028; x_wconf 85' lang='lat' dir='ltr'><strong>Valete</strong></span> <span class='ocrx_word' id='word_1_464' title='bbox 619 4963 705 5028; x_wconf 86' lang='lat' dir='ltr'><strong>nobis</strong></span> <span class='ocrx_word' id='word_1_465' title='bbox 731 4967 931 5046; x_wconf 85' lang='lat' dir='ltr'><strong>precipientes</strong></span> <span class='ocrx_word' id='word_1_466' title='bbox 957 4973 986 5028; x_wconf 90' lang='lat' dir='ltr'><strong>et</strong></span> <span class='ocrx_word' id='word_1_467' title='bbox 1012 4963 1051 5028; x_wconf 89' lang='lat' dir='ltr'><strong>ad</strong></span> <span class='ocrx_word' id='word_1_468' title='bbox 1079 4965 1226 5042; x_wconf 87' lang='lat' dir='ltr'><strong>premissa</strong></span> <span class='ocrx_word' id='word_1_469' title='bbox 1252 4965 1410 5044; x_wconf 83' lang='lat' dir='ltr'><strong>iacientes,</strong></span> <span class='ocrx_word' id='word_1_470' title='bbox 1444 4968 1520 5030; x_wconf 88' lang='lat' dir='ltr'><strong>sicut</strong></span> <span class='ocrx_word' id='word_1_471' title='bbox 1548 4971 1696 5030; x_wconf 81' lang='lat' dir='ltr'><strong>testreet</strong></span> <span class='ocrx_word' id='word_1_472' title='bbox 1722 4972 1823 5030; x_wconf 90' lang='lat' dir='ltr'><strong>nostre</strong></span> <span class='ocrx_word' id='word_1_473' title='bbox 1850 4967 2017 5046; x_wconf 57' lang='lat' dir='ltr'><strong>competit&lt;</strong></span> <span class='ocrx_word' id='word_1_474' title='bbox 2117 5005 2124 5019; x_wconf 83' lang='lat'><strong>·</strong></span> 
     </span>
    </p>
   </div>
   <div class='ocr_carea' id='block_1_5' title="bbox 171 5087 300 5150">
    <p class='ocr_par' dir='ltr' id='par_1_5' title="bbox 171 5087 300 5150">
     <span class='ocr_line' id='line_1_36' title="bbox 171 5087 300 5150; baseline -0.008 -1"><span class='ocrx_word' id='word_1_475' title='bbox 171 5087 300 5150; x_wconf 79' lang='lat' dir='ltr'><strong>vilitati.</strong></span> 
     </span>
    </p>
   </div>
   <div class='ocr_carea' id='block_1_6' title="bbox 328 5336 1989 5416">
    <p class='ocr_par' dir='ltr' id='par_1_6' title="bbox 328 5336 1989 5416">
     <span class='ocr_line' id='line_1_37' title="bbox 328 5336 1989 5416; baseline 0.003 -29"><span class='ocrx_word' id='word_1_476' title='bbox 328 5336 351 5401; x_wconf 90' lang='lat'><strong>¹)</strong></span> <span class='ocrx_word' id='word_1_477' title='bbox 379 5338 454 5400; x_wconf 71' lang='lat' dir='ltr'><strong>Lep:</strong></span> <span class='ocrx_word' id='word_1_478' title='bbox 481 5337 593 5388; x_wconf 80' lang='lat' dir='ltr'><strong>cnillnet</strong></span> <span class='ocrx_word' id='word_1_479' title='bbox 730 5336 756 5403; x_wconf 78' lang='lat'><strong>²)</strong></span> <span class='ocrx_word' id='word_1_480' title='bbox 783 5339 856 5402; x_wconf 69' lang='lat' dir='ltr'><strong>Lep:</strong></span> <span class='ocrx_word' id='word_1_481' title='bbox 883 5337 1043 5391; x_wconf 84' lang='lat' dir='ltr'><strong>delalcletnr.</strong></span> <span class='ocrx_word' id='word_1_482' title='bbox 1187 5341 1213 5406; x_wconf 89' lang='lat'><strong>³)</strong></span> <span class='ocrx_word' id='word_1_483' title='bbox 1242 5343 1366 5405; x_wconf 66' lang='lat' dir='ltr'><strong>unctura,</strong></span> <span class='ocrx_word' id='word_1_484' title='bbox 1385 5341 1402 5392; x_wconf 89' lang='lat' dir='ltr'><strong>l.</strong></span> <span class='ocrx_word' id='word_1_485' title='bbox 1420 5355 1443 5394; x_wconf 86' lang='lat' dir='ltr'><strong>a.</strong></span> <span class='ocrx_word' id='word_1_486' title='bbox 1461 5343 1600 5416; x_wconf 63' lang='lat' dir='ltr'><strong>monitum</strong></span> <span class='ocrx_word' id='word_1_487' title='bbox 1732 5339 1758 5404; x_wconf 87' lang='lat'><strong>⁴)</strong></span> <span class='ocrx_word' id='word_1_488' title='bbox 1785 5340 1859 5404; x_wconf 54' lang='grc' dir='ltr'><strong>ιαμ·</strong></span> <span class='ocrx_word' id='word_1_489' title='bbox 1886 5341 1989 5392; x_wconf 82' lang='lat' dir='ltr'><strong>malins.</strong></span> 
     </span>
    </p>
   </div>
   <div class='ocr_carea' id='block_1_7' title="bbox 0 0 2422 6338">
    <p class='ocr_par' dir='ltr' id='par_1_7' title="bbox 0 0 2422 6338">
     <span class='ocr_line' id='line_1_38' title="bbox 0 0 2422 6338; baseline 0 1"><span class='ocrx_word' id='word_1_490' title='bbox 0 0 2422 6338; x_wconf 95' lang='lat' dir='ltr'><strong> </strong></span> 
     </span>
    </p>
   </div>
  </div>
 </body>
</html>
