4716 6330
826 659 935 756 1408,
963 663 1105 736 Febrnar
1132 662 1191 734 25.
1870 661 1926 742 29

93 951 172 1014 ribus
194 949 312 1014 decime
334 965 369 1013 ac
392 949 559 1014 medietatis
581 949 708 1026 decime,
731 950 800 1028 sibi,
823 967 878 1032 per
900 951 1143 1016 communitatem
1168 951 1253 1032 regni
1284 951 1378 1014 nostri
1407 949 1531 1033 dnglle,
1567 950 1673 1014 ultimo
1704 961 1929 1025 concessarum,

93 1071 120 1132 in
142 1069 264 1132 ciuitate
285 1083 340 1133 sua
363 1065 498 1147 london,
522 1077 677 1132 eteorum
701 1067 971 1133 subcollectoribus
993 1071 1023 1134 in
1046 1069 1163 1132 Warda
1185 1068 1222 1132 de
1245 1068 1409 1150 licurgus,
1432 1069 1462 1130 io
1485 1067 1541 1132 lrec
1565 1068 1674 1132 verba:

242 1185 401 1266 ilenrious,
424 1186 479 1252 [tei
499 1187 598 1270 gratia
623 1203 677 1250 rex
698 1186 807 1267 dnglie
828 1195 858 1250 et
880 1186 1016 1266 Francia,
1039 1195 1068 1250 et
1089 1188 1230 1252 dominus
1252 1185 1411 1262 Hiberuie,
1434 1186 1647 1252 collectoribus
1669 1186 1786 1250 decime
1808 1201 1843 1248 ac
1866 1200 1929 1246 ma-

92 1304 205 1369 dietatis
218 1303 356 1388 decime,
379 1305 482 1383 uobis,
505 1321 562 1386 per
583 1307 827 1370 communitatem
851 1307 936 1390 regni
958 1307 1055 1370 nostri
1077 1305 1202 1391 Anglie,
1233 1303 1340 1368 ultimo
1362 1321 1593 1382 concessarum,
1627 1307 1657 1368 io
1680 1305 1801 1368 ciuitate
1823 1310 1926 1366 nostra

92 1423 230 1503 london,
261 1431 416 1488 eteorum
439 1423 710 1488 subcollectoribus
731 1425 762 1487 ln
786 1425 892 1489 warda
914 1423 952 1488 de
973 1424 1144 1506 bouegate,
1168 1423 1307 1487 salutern.
1352 1421 1428 1486 Cum
1452 1423 1554 1487 dilecti
1576 1397 1663 1486 nobis
1685 1430 1869 1486 mercatores
1890 1419 1929 1482 de

90 1539 185 1606 Harsa
207 1543 241 1606 in
260 1542 439 1608 alemannia
462 1545 666 1608 concesserint
687 1541 760 1606 dare
782 1542 906 1605 domino
925 1541 971 1620 tl,
992 1542 1056 1606 tilio
1076 1543 1160 1625 regia
1181 1541 1313 1620 tierrici,
1336 1541 1489 1624 quondam
1513 1543 1578 1626 regi
1598 1541 1717 1624 doglie,
1739 1539 1930 1624 progenitori

91 1668 206 1738 nocuo,
240 1669 272 1724 et
292 1661 455 1728 beredibus
476 1665 556 1739 seda,
589 1661 629 1726 dc
649 1661 785 1741 qualibet
806 1661 884 1724 libra
906 1663 1024 1744 argenti
1046 1661 1247 1728 estimationis
1268 1677 1321 1726 seu
1345 1661 1456 1726 valoris
1478 1677 1581 1725 rerum
1611 1669 1642 1724 ιι
1669 1657 1929 1724 mercandisarnm

90 1793 220 1856 suarum,
243 1787 277 1844 ιιι
299 1777 337 1842 de
359 1781 464 1845 suerio
486 1780 629 1861 ponderis
651 1789 679 1844 et
701 1780 740 1843 de
760 1779 830 1844 aliis
851 1780 942 1844 rebus
963 1779 1135 1858 subtilibus,
1157 1781 1236 1845 sicut
1257 1781 1295 1846 de
1316 1782 1425 1862 pannis
1448 1777 1651 1856 tarsensibus,
1686 1779 1723 1842 de
1746 1779 1861 1854 serico,
1890 1776 1928 1840 de

90 1895 222 1974 cindalia,
246 1896 286 1962 de
305 1905 371 1962 seta
394 1904 423 1962 et
445 1898 514 1962 aliis
532 1897 661 1963 diuersis
682 1900 844 1977 mercibus,
867 1908 896 1963 et
917 1899 955 1964 de
976 1901 1062 1980 cquis
1084 1901 1175 1964 etiam
1198 1898 1287 1964 etde
1309 1900 1378 1965 aliis
1400 1899 1592 1976 animalibus,
1617 1896 1762 1964 bladuet
1782 1896 1852 1958 aliis
1880 1911 1929 1958 re·

91 2017 143 2078 bns
165 2025 193 2079 et
216 2015 415 2082 mercandisis
438 2015 646 2094 multimodis,
675 2033 734 2098 que
756 2018 794 2086 ad
817 2025 930 2082 certam
953 2025 1121 2082 custumam
1144 2016 1233 2080 lacile
1254 2021 1327 2096 poni
1350 2032 1410 2082 non
1432 2027 1575 2098 possent,
1603 2017 1784 2096 quocunque
1807 2014 1929 2078 nominc
2035 1993 2041 2006 ⁶

91 2143 279 2212 censeantur,
313 2143 376 2200 tres
402 2134 544 2200 denarios
572 2135 612 2200 de
637 2137 769 2216 qualibet
795 2136 873 2200 libra
908 2138 1026 2219 argenti
1054 2138 1083 2200 in
1113 2138 1238 2200 introitu
1265 2153 1366 2202 rerum
1394 2145 1423 2200 et
1449 2135 1710 2200 mercandisarum
1737 2135 1873 2212 ipsarum
1896 2133 1928 2195 in

92 2269 211 2335 reguum
234 2261 266 2318 et
287 2261 466 2332 potestatem
490 2253 615 2338 duglie;
637 2264 667 2318 et
688 2255 827 2320 similiter
848 2263 909 2318 tres
930 2253 1071 2320 denarios
1092 2255 1130 2320 de
1153 2255 1287 2334 qualibet
1309 2255 1386 2320 libra
1409 2256 1527 2336 argenti
1549 2256 1579 2316 in
1602 2252 1761 2316 eductione
1783 2265 1928 2331 quarum-

91 2389 202 2452 cunque
224 2374 328 2436 rerbm
350 2381 380 2436 ιι
402 2371 660 2437 mercandisarum
683 2373 867 2451 huiusmodi,
891 2379 1060 2454 emptarum
1083 2375 1113 2436 in
1136 2389 1231 2456 regno
1253 2382 1283 2437 et
1304 2381 1453 2453 potestate
1474 2373 1635 2451 predictis,
1669 2371 1749 2436 ultra
1773 2377 1926 2434 costumas

90 2492 225 2571 antiquas
246 2490 344 2554 eidem
366 2492 553 2571 progenitori
576 2500 678 2556 nostm
701 2501 752 2558 aut
774 2492 843 2556 aliis
865 2501 935 2556 aute
955 2491 1042 2556 datas
1049 2508 1060 2567 3
1077 2492 1111 2571 ¹)
1141 2509 1177 2556 ac
1198 2493 1279 2556 idem
1300 2494 1478 2575 progenitor
1499 2497 1601 2554 noster
1623 2485 1768 2565 ιοιιιιιιι,
1798 2496 1828 2551 ιι
1849 2489 1928 2550 inter

93 2617 201 2676 ceteras
226 2609 379 2674 libertates
402 2619 432 2674 et
453 2611 639 2689 quietancias
666 2610 794 2691 prelatis
816 2611 1034 2674 mercatoribus
1056 2627 1112 2691 per
1133 2619 1247 2676 cartam
1277 2611 1349 2676 dicti
1370 2611 1574 2693 progenitoris
1601 2609 1712 2684 nostri,
1741 2623 1833 2686 quam
1855 2622 1928 2668 con-

91 2729 287 2807 drmarimns,
302 2727 338 2808 ι)
360 2731 545 2792 concesserit
565 2745 622 2808 pro
644 2745 677 2792 se
698 2738 728 2792 et
748 2728 910 2794 heredibus
932 2731 996 2794 suis
1015 2729 1131 2794 eisdem
1153 2730 1389 2806 mercatoribus,
1412 2729 1494 2808 quod
1516 2727 1600 2791 nulla
1623 2727 1751 2803 exactio,
1774 2726 1858 2805 prisa
1880 2723 1927 2786 ιιι

90 2849 247 2928 prestatio,
280 2853 333 2910 aut
358 2845 476 2926 alimrid
501 2844 582 2910 aliud
610 2862 687 2910 onus
720 2863 812 2928 super
845 2862 993 2928 personas
1029 2855 1230 2912 mercatorum
1266 2847 1490 2928 predictorum,
1524 2845 1729 2910 mercandisas
1760 2859 1814 2908 seu
1847 2845 1925 2906 bona

90 2966 249 3030 eorundem
278 2965 468 3045 aliquatenus
496 2965 668 3044 imponatur
693 2973 800 3030 contra
829 2963 958 3032 turmam
986 2983 1161 3047 expressam
1188 2969 1328 3048 superius
1358 2973 1386 3030 et
1415 2979 1607 3042 concessom3
1628 2966 1664 3044 8)
1700 2971 1729 3026 ιι
1756 2963 1825 3026 licet
1853 2958 1928 3025 dicti

91 3092 268 3150 mercatores
296 3085 518 3164 prestaciones,
551 3083 802 3162 contributiones,
836 3086 1020 3163 taxationes,
1053 3083 1187 3150 decimas
1216 3094 1245 3149 et
1272 3086 1393 3164 quintas
1420 3085 1552 3150 decimas
1580 3099 1638 3164 pro
1661 3099 1693 3148 se
1723 3091 1754 3145 et
1781 3082 1869 3146 bonis
1898 3088 1928 3144 et

92 3202 282 3268 mercandisis
304 3208 377 3280 suis,
400 3219 470 3268 oum
492 3204 707 3267 communitate
727 3202 801 3266 dicti
822 3204 907 3286 regni
931 3205 1037 3282 nostri,
1060 3204 1148 3268 uobis
1169 3210 1198 3267 ιι
1215 3204 1460 3286 progenitoribus
1485 3204 1597 3267 nostris
1619 3209 1689 3282 post
1706 3197 1929 3264 conlectionem

93 3331 237 3388 cartarum
265 3331 296 3386 et
324 3321 582 3387 confirmationem
610 3321 816 3404 predictarum
850 3337 1030 3401 quacunque
1061 3323 1242 3387 arrctoritate
1270 3339 1330 3386 non
1366 3322 1522 3386 solverunt
1557 3321 1710 3402 aliquibus
1739 3318 1926 3399 temporibus

91 3445 239 3508 retroactis
245 3462 256 3520 ;
291 3459 344 3506 ros
371 3450 489 3518 ιιιιιιιι,
519 3441 725 3504 machinantes
754 3440 890 3522 prelatos
920 3451 1104 3506 mercatores
1132 3442 1300 3506 voluntarie
1329 3417 1529 3526 pregrarare,
1562 3443 1647 3519 ipsos
1674 3446 1859 3503 mercatores
1885 3435 1926 3500 ad

92 3562 273 3626 medietatem
305 3561 393 3624 unius
415 3560 548 3638 decime,
582 3563 660 3625 inter
687 3561 765 3626 alios
786 3560 924 3626 homines
946 3561 1080 3626 eiusdem
1102 3561 1250 3640 ciuitatis,
1278 3561 1451 3639 assedistis,
1485 3569 1514 3624 et
1537 3559 1647 3624 dictam
1671 3558 1861 3622 medietatem
1884 3556 1923 3620 ab

91 3679 130 3744 eis
149 3681 284 3764 erigitis,
318 3687 348 3744 ιι
369 3679 488 3744 diversa
511 3679 598 3744 radia
625 3688 655 3744 ιι
681 3681 812 3762 pignora
842 3681 880 3746 ab
903 3681 946 3745 eis
968 3696 1026 3762 pro
1048 3679 1207 3744 medietate
1228 3681 1344 3745 decime
1365 3681 1500 3760 predicte
1522 3681 1608 3745 uobis
1630 3677 1776 3744 soluenda
1799 3676 1923 3758 cepistis

92 3808 116 3860 et
136 3800 289 3878 detinetis,
323 3809 353 3864 et
374 3798 499 3864 eandem
523 3799 727 3878 medietatem,
755 3799 964 3882 pergrandes
986 3799 1187 3864 districtiones
1210 3809 1238 3864 et
1260 3799 1320 3864 alia
1343 3802 1520 3882 grauamina
1543 3801 1629 3879 prius
1651 3796 1786 3861 inaudita
1807 3797 1846 3859 ab
1869 3796 1924 3873 eis,

92 3925 120 3980 nt
140 3927 292 3996 asserunt,
325 3918 429 3984 leuare
451 3919 580 3982 nitimini
604 3922 704 3984 miuus
726 3920 821 3996 iuste,
855 3921 885 3982 ιιι
908 3919 1046 3999 ipsorum
1069 3927 1271 3984 mercatorum
1292 3933 1388 4002 graue
1410 3917 1611 4000 preiodicium
1640 3925 1669 3981 et
1694 3915 1922 3995 depressionem

93 4051 124 4098 ac
151 4045 245 4102 sutus
272 4039 320 4102 sui
341 4035 629 4120 depauperationem
650 4037 857 4116 manifestam,
892 4055 1008 4102 necnon
1031 4045 1135 4102 coutm
1159 4041 1217 4102 rina
1240 4045 1270 4103 et
1291 4038 1428 4102 effectum
1457 4046 1612 4102 cartarum
1639 4035 1863 4116 predictarum,
1896 4039 1925 4096 et

91 4153 172 4219 aliter
200 4171 291 4237 quam
324 4163 520 4236 pertextam
549 4156 704 4221 literarum
735 4164 908 4222 nostrarum
930 4157 1095 4238 patentium
1118 4157 1203 4221 vobis
1233 4159 1263 4220 iu
1292 4156 1348 4220 bac
1376 4164 1463 4236 parte
1491 4157 1673 4221 directarum
1706 4155 1771 4218 deri
1798 4153 1924 4228 debeat;

92 4275 165 4337 unde
187 4276 273 4340 nobis
295 4275 542 4354 supplicaverunt
564 4277 622 4339 sibi
644 4293 700 4355 per
721 4291 778 4340 nos
799 4275 837 4339 de
859 4276 993 4340 remedio
1015 4275 1188 4356 prouideri:
1232 4291 1305 4353 nos,
1335 4276 1470 4339 uolentes
1492 4277 1577 4355 ipsos
1605 4282 1788 4338 mercatores
1818 4279 1924 4334 contra

92 4389 213 4457 turmam
236 4365 271 4458 ἰι
301 4403 434 4458 tenorem
463 4395 627 4458 earundem
662 4401 814 4458 cartarum
850 4401 880 4458 et
915 4395 1180 4458 coudrmacionum
1214 4393 1336 4458 onerari
1369 4402 1421 4457 aut
1450 4392 1579 4456 indebite
1606 4391 1803 4475 pregrauari,
1838 4391 1923 4452 robis

93 4513 275 4591 mandamus,
297 4515 375 4578 sicut
397 4513 473 4578 alias
497 4513 719 4591 mandarimus,
741 4514 824 4595 quod
846 4513 930 4594 ipsos
946 4521 1131 4578 mercatores
1152 4511 1191 4576 ad
1209 4512 1461 4576 contribuendum
1484 4512 1632 4575 solucioni
1656 4509 1790 4591 predicte
1808 4508 1924 4572 decime

92 4637 116 4692 et
142 4632 307 4698 medietatis
333 4633 449 4698 dedme
481 4631 570 4697 aliter
597 4649 650 4698 seu
683 4631 745 4697 alio
779 4623 887 4710 nouo,
916 4648 1009 4712 quam
1039 4633 1199 4696 retroactis
1226 4631 1413 4712 temporibus
1440 4631 1505 4694 deri
1532 4629 1635 4694 debuit
1662 4637 1693 4693 ιι
1720 4627 1923 4701 consueuerit,

90 4749 203 4816 minime
224 4751 431 4830 compellatis,
461 4761 491 4815 et
511 4751 746 4831 districtionem,
774 4752 801 4816 si
828 4767 918 4834 quam
941 4749 1067 4830 pretatis
1089 4751 1309 4815 mercatoribus
1331 4750 1490 4814 occasione
1511 4748 1646 4827 predicta
1669 4747 1769 4810 minus
1799 4747 1856 4808 rite
1878 4743 1922 4808 ltr-

94 4871 201 4948 ceritis‚
232 4871 297 4934 sine
318 4868 464 4934 dilatione
486 4869 617 4934 relaxari
638 4870 757 4935 faciatis
779 4867 908 4948 eisdem,
932 4869 978 4934 rel
1001 4885 1124 4934 causam
1147 4869 1234 4934 nobis
1256 4869 1447 4952 significetis,
1470 4883 1565 4949 quare
1587 4859 1762 4930 mandatum
1784 4871 1920 4928 nocuum

93 4985 163 5052 alias
183 4989 268 5056 robis
291 4989 360 5054 inde
382 4987 529 5054 directum
552 4989 660 5068 exequi
682 4987 821 5054 notuistis
844 4988 889 5052 ret
912 5004 971 5053 nou
994 4987 1150 5054 debuistis.
1199 4986 1287 5052 Teste
1317 5003 1366 5050 me
1392 4989 1474 5066 ipso,
1504 4986 1585 5068 apud
1606 4984 1921 5062 westmonasterium,

94 5103 260 5176 illudio
284 5109 449 5186 Februarii,
471 5124 550 5172 anno
574 5109 658 5190 regni
681 5109 775 5172 nostri
798 5125 889 5172 nono.

94 5219 390 5238 Ἢ

98 5356 120 5420 Β)
146 5357 192 5414 m
242 5276 267 5340 Ι)
296 5277 324 5329 s.
342 5278 391 5414 dala
410 5279 580 5343 rrtrttcglcrn
598 5277 685 5341 lldnig
703 5276 830 5329 Edwards
848 5278 869 5328 1.
889 5289 949 5330 roan
966 5276 1047 5329 labro
1066 5273 1140 5340 130³,
1159 5276 1277 5328 februar
1297 5273 1320 5328 ι.
1444 5273 1470 5342 ²)
1498 5277 1537 5328 lm
1555 5276 1634 5328 labra
1653 5271 1728 5335 1399,
1748 5273 1862 5326 October
1879 5270 1922 5324 it.

192 5361 216 5426 3,
234 5361 352 5414 Februar
382 5395 388 5410 .
1381 5385 1386 5394 ·
