4716 6330
412 619 468 702 ³6
1162 617 1272 716 ltltt,
1298 621 1385 694 Mire
1411 617 1470 692 17.
1605 731 1612 745 .

411 905 597 986 subscripta,
641 922 709 969 cam
742 882 881 970 omnibus
913 908 976 971 suis
1008 909 1218 986 pertinenciis,
1261 909 1371 972 situata
1410 909 1440 970 in
1471 905 1579 971 warda
1612 905 1650 970 de
1683 903 1831 988 howgate
1862 905 1892 969 iu
1924 903 2072 985 parocbia
2105 903 2236 972 Omnian
2338 959 2339 994 ἐ

411 1020 592 1087 Sanctorum
613 1021 652 1085 ad
674 1023 775 1087 lenum
798 1024 951 1105 London,
974 1027 1005 1089 in
1027 1025 1181 1104 London.;
1215 1025 1353 1090 videlicet
1373 1023 1485 1106 (eicite
1508 1021 1560 1090 die
1581 1022 1733 1110 solpcnde
1764 1021 2004 1109 Veraer‘cbnunp
2028 1021 2110 1090 oben
2133 1023 2166 1090 ic
2187 1023 2236 1091 der

415 1137 570 1208 Urbundc
597 1159 670 1206 vom
696 1139 797 1208 dolere
819 1140 941 1226 1410,
969 1141 1120 1210 Febrttor
1142 1141 1246 1229 ab),
1280 1152 1309 1208 et
1336 1146 1434 1208 vicum
1461 1145 1579 1226 regione
1607 1142 1764 1208 ducentem
1793 1159 1896 1206 versus
1922 1142 2073 1225 howgate
2100 1158 2136 1206 ex
2163 1151 2238 1222 parte
2340 1143 2341 1146 ’

412 1258 569 1338 orientali,
602 1261 741 1325 habenda
771 1271 801 1325 et
827 1262 956 1327 tenenda
983 1265 1084 1326 omnia
1113 1262 1265 1344 predicta,
1299 1271 1395 1326 terras
1422 1270 1453 1326 et
1473 1269 1657 1340 tenemento,
1691 1277 1760 1325 com
1788 1262 1929 1326 omnibus
1956 1263 2020 1326 sois
2048 1263 2237 1342 pertinenciis,

412 1376 532 1455 pretato
564 1377 697 1442 lioberto
729 1381 790 1444 Fite
823 1379 938 1446 liobert
970 1384 1096 1459 iuniori,
1136 1389 1165 1446 et
1197 1381 1358 1446 heredibus
1391 1380 1463 1445 dicti
1495 1380 1618 1444 liuberti
1648 1379 1712 1444 itu
1744 1379 1858 1444 liobert
1889 1381 2016 1444 iunioris
2051 1378 2090 1442 de
2123 1395 2237 1458 corpore
2339 1467 2340 1478 ἵ

408 1493 596 1578 Margarete,
625 1499 687 1562 illie
713 1515 793 1576 mee,
821 1499 955 1581 legitime
982 1500 1191 1580 procreandis.
1235 1501 1272 1563 Et
1298 1502 1325 1564 si
1353 1501 1508 1582 contingat
1535 1497 1648 1566 dictum
1674 1499 1839 1563 liebertum
1866 1497 1931 1562 Fitz
1958 1497 2074 1562 liobert
2100 1497 2235 1562 iuniorem
2339 1495 2340 1512 ,

408 1615 475 1678 sine
506 1614 669 1680 heredibus
710 1617 774 1680 suis
810 1617 848 1682 de
881 1635 1009 1699 corpore
1046 1619 1124 1682 dicte
1157 1617 1326 1702 Margarete
1363 1617 1495 1701 legitime
1534 1618 1701 1698 procreatis
1738 1617 1841 1694 obire,
1885 1617 1967 1696 quod
2006 1623 2118 1680 minuc
2149 1618 2236 1680 omnir

408 1733 560 1812 predicta,
594 1742 690 1798 terras
713 1743 743 1798 et
764 1745 949 1814 tenementa,
982 1753 1051 1802 cum
1072 1738 1214 1801 omnibus
1236 1740 1299 1802 suis
1321 1739 1529 1816 pertinenciis,
1562 1737 1679 1820 integre
1700 1744 1876 1800 remaneant
1896 1734 2029 1799 lloberto
2049 1733 2115 1798 riu
2137 1733 2236 1798 llobert

409 1852 540 1929 seniori,
573 1855 631 1916 civi
660 1861 690 1917 et
716 1867 845 1936 grocero
878 1854 1020 1934 London,
1054 1856 1217 1920 heredibus
1243 1863 1273 1920 et
1300 1858 1461 1940 assignatis
1493 1857 1572 1933 sois,
1605 1854 1644 1918 de
1676 1855 1857 1934 capitalibus
1889 1853 2022 1918 dominis
2052 1849 2136 1916 leodi
2166 1849 2237 1916 illino
2339 1827 2340 1840 ἵ

410 1984 469 2048 per
488 1971 615 2036 servicia
645 1971 716 2036 inde
737 1973 838 2037 debita
866 1982 895 2036 et
922 1974 959 2038 de
988 1975 1064 2038 iure
1081 1983 1224 2040 consueta
1249 1976 1492 2056 imperpetuum
1525 1983 1554 2038 et
1575 1973 1727 2038 reddendo
1749 1972 1819 2036 inde
1840 1969 2113 2037 aunuatimmichi
2132 1967 2236 2051 prelato

410 2085 542 2152 Roberto
571 2088 755 2156 cumberton
783 2091 834 2166 rel
859 2093 1022 2176 assignetis
1051 2095 1127 2158 meis
1156 2101 1208 2157 aut
1235 2110 1302 2157 meo
1332 2103 1414 2158 certo
1441 2101 1610 2170 alternate,
1632 2092 1703 2156 rita
1730 2093 1789 2155 mei
1813 2091 1888 2156 dicti
1913 2089 2038 2154 boherii
2065 2086 2238 2154 Combertoo

411 2206 556 2286 durante,
597 2211 701 2292 viginti
738 2219 767 2273 et
798 2213 932 2291 quinque
964 2227 1084 2278 marcas
1115 2213 1346 2295 sterlingorum,
1385 2212 1424 2276 ad
1456 2220 1588 2292 quatuor
1624 2213 1696 2274 anui
1728 2211 1873 2274 termium
1905 2208 2109 2291 principales,
2150 2215 2178 2270 et
2211 2209 2236 2268 in

410 2327 529 2390 civitate
549 2325 687 2392 Londou.
711 2329 848 2408 usuales,
881 2347 937 2410 per
964 2332 1087 2410 equales
1113 2333 1274 2412 porciones
1281 2350 1293 2408 ;
1321 2333 1420 2411 primo
1450 2333 1577 2396 termino
1603 2330 1757 2394 solucione
1783 2329 1854 2394 inde
1882 2327 2044 2409 incipiente
2072 2326 2112 2390 ad
2140 2324 2236 2390 leston

409 2445 573 2510 naucitatis
612 2448 709 2510 sancti
744 2446 892 2512 lobannis
929 2451 1059 2529 baptiste
1096 2453 1234 2530 proxime
1271 2448 1406 2514 loturum
1446 2458 1516 2528 post
1550 2448 1653 2513 datum
1693 2451 1895 2527 presencium.
1949 2445 1988 2509 lit
2026 2449 2053 2510 si
2094 2445 2237 2526 conbngat

410 2557 522 2627 dictum
561 2581 695 2627 annuum
735 2565 885 2630 redditum
926 2568 1031 2649 viginti
1067 2576 1097 2630 et
1134 2571 1267 2648 quinquo
1304 2583 1477 2632 marcarum
1513 2567 1729 2652 sterlingorum
1765 2583 1784 2629 a
1816 2575 1899 2629 retro
1938 2581 2005 2630 esse
2045 2565 2084 2629 ad
2117 2563 2236 2643 aliquem

409 2682 570 2745 terminum
597 2681 764 2746 solucionis
793 2683 980 2764 supradicte,
1014 2687 1045 2748 in
1072 2694 1159 2766 parte
1186 2695 1238 2748 aut
1259 2687 1289 2748 in
1312 2693 1373 2749 toto
1396 2703 1456 2750 non
1478 2686 1627 2764 solutum,
1661 2687 1721 2750 rita
1743 2688 1803 2748 mei
1824 2684 1896 2749 dicti
1917 2683 2043 2750 lidberti
2065 2679 2237 2748 Comberton

408 2798 551 2878 durante,
592 2809 661 2863 tunc
698 2801 775 2864 bene
811 2800 901 2866 liceat
938 2802 1030 2868 michi
1068 2803 1165 2868 eidem
1197 2803 1328 2868 lieberto
1361 2802 1545 2868 (lamberton
1585 2812 1614 2868 et
1652 2805 1815 2887 assignatis
1854 2805 1931 2869 meis
1967 2811 2020 2866 aut
2060 2817 2127 2866 meo
2164 2806 2235 2863 certo

408 2925 576 2996 attornato,
610 2923 639 2985 in
666 2919 810 3002 predictis
844 2923 932 2985 terris
964 2929 994 2986 et
1027 2924 1202 2988 tenementis
1226 2939 1297 2986 eum
1323 2922 1465 2986 omnibus
1497 2925 1561 2987 suis
1589 2924 1798 3006 pertinenciis,
1831 2932 1862 2986 et
1889 2923 1922 2984 in
1946 2919 2087 3000 nnattbu
2113 2916 2235 2998 parcella

406 3037 478 3102 inde
508 3040 621 3102 intrare
643 3046 672 3100 et
693 3038 889 3122 distringere,
919 3041 1186 3120 districcionesque
1208 3043 1253 3106 sic
1274 3048 1378 3122 captas
1406 3041 1487 3106 licite
1513 3048 1686 3122 asportare,
1719 3041 1871 3105 abducere
1897 3049 1933 3104 et*
1955 3044 2103 3116 retinere,
2134 3049 2235 3118 quom·

401 3173 467 3236 ¹‹ptre
494 3156 532 3221 dc
558 3157 638 3221 dieto
662 3173 763 3222 annno
792 3158 910 3222 redditu
939 3167 968 3222 et
989 3161 1154 3244 arreragiis
1182 3159 1316 3224 eiusdern
1345 3161 1371 3223 si
1400 3177 1458 3238 qne
1486 3158 1613 3236 tuerint,
1648 3175 1708 3223 uua
1736 3175 1804 3223 com
1834 3161 1919 3224 miris
1946 3168 1976 3223 et
2003 3159 2144 3241 expensis
2171 3155 2236 3218 me'u

408 3293 443 3338 aa
465 3277 623 3340 occasione
652 3276 763 3340 habitis
791 3285 821 3340 et
846 3276 933 3342 iactis
960 3276 1053 3342 michi
1074 3277 1211 3356 plenarie
1232 3277 1322 3340 luerit
1343 3277 1530 3342 satisfactum
1554 3287 1582 3342 et
1604 3277 1802 3360 persolutum.
1845 3275 1932 3340 Etsi
1953 3278 2113 3360 contingat
2133 3275 2234 3338 dicum

408 3409 540 3458 annuum
570 3395 720 3459 redditum
755 3403 883 3460 aratro
912 3413 979 3460 esse
1011 3413 1068 3478 per
1092 3413 1186 3462 unum
1214 3413 1342 3474 ennom,
1382 3397 1412 3459 in
1441 3403 1527 3477 parte
1550 3396 1606 3460 *rel
1645 3397 1675 3459 in
1702 3403 1782 3474 toto,
1822 3395 2052 3476 portationem
2085 3395 2235 3460 terminum

409 3513 574 3578 solucionis
597 3515 819 3597 supradictum,
843 3531 904 3594 quo
926 3513 1003 3579 solri
1025 3515 1162 3592 deberet,
1186 3515 1267 3594 quod
1290 3523 1399 3578 extunc
1421 3517 1497 3579 bene
1519 3514 1620 3578 licebit
1641 3514 1732 3578 michi
1753 3514 1873 3594 prefato
1893 3513 2027 3579 Roberto
2051 3512 2234 3583 Comberton

407 3634 439 3694 in
467 3636 568 3696 omnia
596 3633 786 3713 supradicta,
820 3644 916 3699 terras
937 3641 966 3698 et
988 3642 1156 3698 tenemento
1182 3649 1250 3698 cum
1272 3634 1413 3699 omnibus
1439 3633 1503 3698 suis
1529 3633 1723 3713 pertinenciis
1746 3635 1892 3698 reintrare
1914 3641 1943 3698 et
1965 3631 2128 3709 rehabere,
2160 3636 2191 3693 nt
2208 3629 2235 3687 in

407 3769 475 3816 tneo
503 3752 631 3834 pristino
659 3759 755 3830 statu,
788 3757 921 3834 presenti
948 3761 1049 3830 carte,
1086 3770 1141 3816 nec
1167 3755 1278 3817 seisina
1307 3752 1376 3816 inde
1405 3753 1508 3818 habita
1535 3770 1597 3818 non
1625 3753 1773 3816 obstante.
1822 3751 1860 3815 Et
1887 3769 1945 3836 ego
1973 3753 2073 3818 dictus
2099 3752 2234 3815 liobertus

408 3871 594 3947 cumberton
621 3881 650 3934 et
675 3870 803 3936 heredes
830 3874 904 3950 md,
930 3873 1039 3958 ,omnia
1066 3871 1232 3952 predicta,¹
1251 3879 1348 3939 terras
1374 3880 1404 3936 et
1426 3878 1593 3940 teoemeuta
1621 3887 1690 3936 com
1716 3871 1857 3947 omnihus
1878 3872 1942 3936 suis
1962 3871 2155 3954 pertinenciis
2174 3881 2235 3947 prr

408 3989 472 4054 lato
494 3990 626 4054 lieberto
648 3989 711 4054 Fitz
733 3989 846 4054 Robert
872 3992 983 4054 iuniori
1010 3999 1040 4054 et
1065 3989 1226 4077 heredibus
1256 3992 1319 4054 suis
1346 3989 1384 4053 de
1406 4007 1535 4071 corpore
1557 3991 1635 4054 dicte
1657 3984 1829 4072 Margarete
1855 3990 1916 4082 (ut
1943 3990 2150 4072 supradictum
2177 3981 2234 4060 etl)

374 4107 540 4191 'legitime
573 4108 740 4188 procreatis
773 4109 814 4172 et'
841 4109 890 4188 (si
923 4107 1077 4192 contingat
1110 4109 1237 4174 eundem
1269 4107 1433 4173 liebertum
1467 4109 1528 4172 Fitz
1562 4108 1675 4173 ltobert
1707 4109 1855 4172 iuniorem
1893 4111 1959 4171 sinc
1994 4107 2156 4173 heredibus
2188 4116 2236 4181 per

406 4231 507 4308 ipsum
551 4227 589 4290 de
631 4241 759 4308 corpore
802 4225 879 4290 dicte
919 4226 1090 4310 llargarete
1131 4227 1263 4309 legitime
1306 4229 1472 4308 procreatis
1515 4228 1617 4305 obire,
1667 4226 1800 4305 extunc)
1842 4225 1962 4307 pretato
2005 4225 2138 4292 lioberto
2179 4219 2233 4282 itu

406 4347 521 4410 liobert
547 4347 661 4410 seniori
687 4343 849 4408 heredibus
875 4353 905 4408 et
933 4347 1095 4428 assignatis
1123 4348 1204 4422 suis,¹
1234 4353 1339 4409 contra
1368 4361 1473 4409 omnes
1500 4353 1606 4428 gentes
1633 4345 1903 4410 warantizabimus
1931 4347 2162 4426 imperpetuum.
2207 4335 2234 4396 ΙΙ]

407 4466 493 4530 cuius
521 4467 564 4529 rei
594 4465 812 4541 testimonium,
848 4472 910 4527 tam
939 4463 1093 4544 predictus
1118 4463 1267 4527 Robertus
1289 4463 1353 4527 Fitz
1376 4462 1489 4527 liobert
1518 4466 1618 4526 iunior
1643 4461 1780 4546 sigillum
1808 4479 1913 4541 suum,
1946 4479 2038 4544 qnam
2066 4479 2123 4546 ego
2143 4459 2261 4532 'dictu

407 4582 557 4648 liobertus
579 4580 763 4648 Comberton
791 4582 925 4664 sigillum
955 4598 1072 4657 meum,
1106 4580 1164 4645 hiis
1192 4583 1283 4645 cartis
1310 4581 1471 4646 indentetis
1499 4581 1670 4648 alternatim
1698 4581 1914 4663 apposuimus;
1948 4580 2081 4646 Ricardo
2101 4578 2235 4644 iterlowe

406 4711 477 4767 tunc
510 4701 626 4782 majore
658 4700 810 4779 London„
849 4700 986 4764 iohanne
1020 4699 1112 4766 Lawe
1144 4709 1172 4764 et
1205 4699 1372 4765 willielmo
1399 4697 1543 4766 Cbicbele
1578 4710 1648 4765 tunc
1681 4701 1907 4765 vicecomitibus
1940 4699 2074 4766 eiusdem
2107 4693 2233 4764 civitatis,

405 4821 555 4886 Nicholao
577 4821 704 4886 Wotton
731 4830 801 4898 tunc
828 4818 922 4895 illius¹
938 4818 1044 4884 warde
1066 4818 1275 4886 aldermanno.
1320 4818 1384 4896 iliis
1405 4819 1549 4898 testibus,
1583 4819 1722 4884 Waltcro
1743 4816 1907 4897 Gewhou,
1938 4817 2078 4887 iohanne
2098 4811 2233 4892 Brildtt,

405 4939 524 5004 Thema
556 4939 687 5016 Borion,
720 4938 857 5002 lobanne
884 4937 1018 5016 Nicholl,
1052 4936 1152 5001 blano
1184 4937 1271 5017 Hali,
1303 4935 1471 5002 Willielmo
1498 4935 1615 5015 Baron,
1648 4935 1777 5000 blartino
1810 4936 1934 5015 lislam,
1968 4946 1998 5002 et
2029 4936 2131 5003 multis
2162 4927 2233 4994 attis·

404 5059 483 5152 llata
509 5057 650 5138 London,
683 5057 800 5124 decimo
829 5059 957 5140 septimo
983 5056 1032 5120 die
1058 5059 1172 5126 ,mensis
1199 5057 1320 5136 Marcii,
1354 5073 1433 5121 anno
1453 5053 1549 5140 'regni
1575 5055 1655 5140 regis
1677 5053 1799 5119 Heorici
1820 5058 1920 5146 quarti
1948 5065 2018 5139 post
2046 5055 2230 5134 conquestum

407 5176 577 5244 undecimo.
