<?xml version="1.0" encoding="UTF-8"?>
<!DOCTYPE html PUBLIC "-//W3C//DTD XHTML 1.0 Transitional//EN"
    "http://www.w3.org/TR/xhtml1/DTD/xhtml1-transitional.dtd">
<html xmlns="http://www.w3.org/1999/xhtml" xml:lang="en" lang="en">
 <head>
  <title>
</title>
<meta http-equiv="Content-Type" content="text/html;charset=utf-8" />
  <meta name='ocr-system' content='tesseract 3.04.00' />
  <meta name='ocr-capabilities' content='ocr_page ocr_carea ocr_par ocr_line ocrx_word'/>
</head>
<body>
  <div class='ocr_page' id='page_1' title='image "./urkundlichegesc01lappgoog/urkundlichegesc01lappgoog_0245.png"; bbox 0 0 4716 6330; ppageno 0'>
   <div class='ocr_carea' id='block_1_1' title="bbox 726 629 2041 786">
    <p class='ocr_par' dir='ltr' id='par_1_1' title="bbox 726 629 2041 786">
     <span class='ocr_line' id='line_1_1' title="bbox 726 629 2041 786; baseline 0.013 -42"><span class='ocrx_word' id='word_1_1' title='bbox 726 629 730 638; x_wconf 76' lang='grc'><strong>’</strong></span> <span class='ocrx_word' id='word_1_2' title='bbox 873 673 983 769; x_wconf 79' lang='lat' dir='ltr'>reor,</span> <span class='ocrx_word' id='word_1_3' title='bbox 1009 676 1096 748; x_wconf 71' lang='lat' dir='ltr'>usn</span> <span class='ocrx_word' id='word_1_4' title='bbox 1119 674 1154 758; x_wconf 82' lang='lat'>4.</span> <span class='ocrx_word' id='word_1_5' title='bbox 1873 677 1932 760; x_wconf 81' lang='lat' dir='ltr'>ta</span> <span class='ocrx_word' id='word_1_6' title='bbox 2036 779 2041 786; x_wconf 91' lang='lat'><em>.</em></span> 
     </span>
    </p>
   </div>
   <div class='ocr_carea' id='block_1_2' title="bbox 103 957 1942 3529">
    <p class='ocr_par' dir='ltr' id='par_1_2' title="bbox 103 957 1937 2100">
     <span class='ocr_line' id='line_1_2' title="bbox 105 957 1934 1042; baseline 0.002 -21"><span class='ocrx_word' id='word_1_7' title='bbox 105 973 216 1040; x_wconf 79' lang='lat' dir='ltr'>semper</span> <span class='ocrx_word' id='word_1_8' title='bbox 236 957 394 1024; x_wconf 84' lang='lat' dir='ltr'>retroactis</span> <span class='ocrx_word' id='word_1_9' title='bbox 417 958 603 1040; x_wconf 80' lang='lat' dir='ltr'>temporibus</span> <span class='ocrx_word' id='word_1_10' title='bbox 623 957 744 1023; x_wconf 86' lang='lat' dir='ltr'>soluere</span> <span class='ocrx_word' id='word_1_11' title='bbox 765 968 997 1038; x_wconf 80' lang='lat' dir='ltr'>conseruerunt,</span> <span class='ocrx_word' id='word_1_12' title='bbox 1020 969 1076 1025; x_wconf 89' lang='lat' dir='ltr'>eto.</span> <span class='ocrx_word' id='word_1_13' title='bbox 1110 959 1147 1022; x_wconf 82' lang='lat' dir='ltr'>Et</span> <span class='ocrx_word' id='word_1_14' title='bbox 1168 957 1226 1022; x_wconf 85' lang='lat' dir='ltr'>boc</span> <span class='ocrx_word' id='word_1_15' title='bbox 1248 958 1339 1024; x_wconf 87' lang='lat' dir='ltr'>iidem</span> <span class='ocrx_word' id='word_1_16' title='bbox 1357 960 1545 1025; x_wconf 84' lang='lat' dir='ltr'>vicecomites</span> <span class='ocrx_word' id='word_1_17' title='bbox 1567 959 1666 1042; x_wconf 85' lang='lat' dir='ltr'>parati</span> <span class='ocrx_word' id='word_1_18' title='bbox 1686 969 1759 1025; x_wconf 86' lang='lat' dir='ltr'>sunt</span> <span class='ocrx_word' id='word_1_19' title='bbox 1780 959 1934 1026; x_wconf 86' lang='lat' dir='ltr'>reridcare</span> 
     </span>
     <span class='ocr_line' id='line_1_3' title="bbox 104 1075 1934 1161; baseline 0.001 -19"><span class='ocrx_word' id='word_1_20' title='bbox 104 1087 155 1142; x_wconf 85' lang='lat' dir='ltr'>cte.</span> <span class='ocrx_word' id='word_1_21' title='bbox 195 1075 234 1140; x_wconf 80' lang='lat' dir='ltr'>Et</span> <span class='ocrx_word' id='word_1_22' title='bbox 259 1075 387 1157; x_wconf 84' lang='lat' dir='ltr'>predicti</span> <span class='ocrx_word' id='word_1_23' title='bbox 408 1086 592 1142; x_wconf 66' lang='lat' dir='ltr'>mercatores</span> <span class='ocrx_word' id='word_1_24' title='bbox 612 1075 825 1158; x_wconf 85' lang='lat' dir='ltr'>protestando,</span> <span class='ocrx_word' id='word_1_25' title='bbox 855 1077 936 1156; x_wconf 90' lang='lat' dir='ltr'>qnod</span> <span class='ocrx_word' id='word_1_26' title='bbox 963 1093 1023 1142; x_wconf 91' lang='lat' dir='ltr'>non</span> <span class='ocrx_word' id='word_1_27' title='bbox 1047 1085 1236 1160; x_wconf 81' lang='lat' dir='ltr'>cognoscunt</span> <span class='ocrx_word' id='word_1_28' title='bbox 1263 1077 1366 1157; x_wconf 86' lang='lat' dir='ltr'>aliqua</span> <span class='ocrx_word' id='word_1_29' title='bbox 1387 1093 1444 1158; x_wconf 90' lang='lat' dir='ltr'>per</span> <span class='ocrx_word' id='word_1_30' title='bbox 1464 1078 1562 1144; x_wconf 88' lang='lat' dir='ltr'>dictus</span> <span class='ocrx_word' id='word_1_31' title='bbox 1584 1079 1775 1144; x_wconf 74' lang='lat' dir='ltr'><strong>vicecomites</strong></span> <span class='ocrx_word' id='word_1_32' title='bbox 1795 1081 1934 1161; x_wconf 84' lang='lat' dir='ltr'>superins</span> 
     </span>
     <span class='ocr_line' id='line_1_4' title="bbox 105 1193 1934 1279; baseline 0.001 -19"><span class='ocrx_word' id='word_1_33' title='bbox 105 1197 247 1279; x_wconf 79' lang='lat' dir='ltr'>allegata,</span> <span class='ocrx_word' id='word_1_34' title='bbox 268 1193 388 1272; x_wconf 75' lang='lat' dir='ltr'>ubuum,</span> <span class='ocrx_word' id='word_1_35' title='bbox 417 1194 500 1274; x_wconf 87' lang='lat' dir='ltr'>quod</span> <span class='ocrx_word' id='word_1_36' title='bbox 521 1197 581 1276; x_wconf 86' lang='lat' dir='ltr'>ipsi</span> <span class='ocrx_word' id='word_1_37' title='bbox 602 1211 658 1259; x_wconf 89' lang='lat' dir='ltr'>nec</span> <span class='ocrx_word' id='word_1_38' title='bbox 678 1194 910 1275; x_wconf 77' lang='lat' dir='ltr'>predecessores</span> <span class='ocrx_word' id='word_1_39' title='bbox 931 1197 994 1274; x_wconf 88' lang='lat' dir='ltr'>sni,</span> <span class='ocrx_word' id='word_1_40' title='bbox 1023 1203 1208 1260; x_wconf 78' lang='lat' dir='ltr'>mercatores</span> <span class='ocrx_word' id='word_1_41' title='bbox 1230 1194 1269 1259; x_wconf 91' lang='lat' dir='ltr'>de</span> <span class='ocrx_word' id='word_1_42' title='bbox 1288 1193 1391 1260; x_wconf 86' lang='lat' dir='ltr'>llnnsa</span> <span class='ocrx_word' id='word_1_43' title='bbox 1420 1204 1449 1260; x_wconf 92' lang='lat' dir='ltr'>et</span> <span class='ocrx_word' id='word_1_44' title='bbox 1474 1196 1566 1262; x_wconf 93' lang='lat' dir='ltr'>domo</span> <span class='ocrx_word' id='word_1_45' title='bbox 1593 1197 1728 1277; x_wconf 85' lang='lat' dir='ltr'>predicta</span> <span class='ocrx_word' id='word_1_46' title='bbox 1756 1199 1786 1260; x_wconf 89' lang='lat' dir='ltr'>ln</span> <span class='ocrx_word' id='word_1_47' title='bbox 1809 1195 1934 1262; x_wconf 88' lang='lat' dir='ltr'>London</span> 
     </span>
     <span class='ocr_line' id='line_1_5' title="bbox 104 1312 1933 1396; baseline 0 -16"><span class='ocrx_word' id='word_1_48' title='bbox 104 1317 273 1390; x_wconf 67' lang='lat' dir='ltr'>existentes,</span> <span class='ocrx_word' id='word_1_49' title='bbox 305 1312 456 1392; x_wconf 77' lang='lat' dir='ltr'>aliquibus</span> <span class='ocrx_word' id='word_1_50' title='bbox 488 1313 714 1378; x_wconf 77' lang='lat' dir='ltr'>vicecomitibus</span> <span class='ocrx_word' id='word_1_51' title='bbox 746 1313 892 1378; x_wconf 85' lang='lat' dir='ltr'>bectenus</span> <span class='ocrx_word' id='word_1_52' title='bbox 926 1321 1081 1378; x_wconf 79' lang='lat' dir='ltr'>custumes</span> <span class='ocrx_word' id='word_1_53' title='bbox 1108 1314 1260 1394; x_wconf 90' lang='lat' dir='ltr'>predictas</span> <span class='ocrx_word' id='word_1_54' title='bbox 1290 1314 1337 1378; x_wconf 86' lang='lat' dir='ltr'>rel</span> <span class='ocrx_word' id='word_1_55' title='bbox 1365 1329 1469 1378; x_wconf 88' lang='lat' dir='ltr'>carum</span> <span class='ocrx_word' id='word_1_56' title='bbox 1499 1315 1633 1394; x_wconf 87' lang='lat' dir='ltr'>aliquam</span> <span class='ocrx_word' id='word_1_57' title='bbox 1661 1332 1716 1380; x_wconf 89' lang='lat' dir='ltr'>seu</span> <span class='ocrx_word' id='word_1_58' title='bbox 1741 1313 1846 1396; x_wconf 89' lang='lat' dir='ltr'>aliqua</span> <span class='ocrx_word' id='word_1_59' title='bbox 1871 1316 1933 1381; x_wconf 82' lang='lat' dir='ltr'>clia</span> 
     </span>
     <span class='ocr_line' id='line_1_6' title="bbox 104 1431 1934 1514; baseline 0.001 -16"><span class='ocrx_word' id='word_1_60' title='bbox 104 1431 242 1508; x_wconf 88' lang='lat' dir='ltr'>subsidia,</span> <span class='ocrx_word' id='word_1_61' title='bbox 266 1431 470 1512; x_wconf 88' lang='lat' dir='ltr'>prestaciones</span> <span class='ocrx_word' id='word_1_62' title='bbox 487 1431 534 1495; x_wconf 87' lang='lat' dir='ltr'>rel</span> <span class='ocrx_word' id='word_1_63' title='bbox 556 1447 650 1495; x_wconf 80' lang='lat' dir='ltr'>onem</span> <span class='ocrx_word' id='word_1_64' title='bbox 667 1447 728 1496; x_wconf 90' lang='lat' dir='ltr'>non</span> <span class='ocrx_word' id='word_1_65' title='bbox 746 1431 913 1510; x_wconf 84' lang='lat' dir='ltr'>soluerent,</span> <span class='ocrx_word' id='word_1_66' title='bbox 935 1432 989 1498; x_wconf 90' lang='lat' dir='ltr'>sed</span> <span class='ocrx_word' id='word_1_67' title='bbox 1010 1432 1081 1497; x_wconf 90' lang='lat' dir='ltr'>iude</span> <span class='ocrx_word' id='word_1_68' title='bbox 1101 1433 1234 1496; x_wconf 85' lang='lat' dir='ltr'>totaliter</span> <span class='ocrx_word' id='word_1_69' title='bbox 1254 1448 1376 1511; x_wconf 83' lang='lat' dir='ltr'>semper</span> <span class='ocrx_word' id='word_1_70' title='bbox 1398 1433 1491 1511; x_wconf 86' lang='lat' dir='ltr'>quieti</span> <span class='ocrx_word' id='word_1_71' title='bbox 1513 1431 1650 1513; x_wconf 83' lang='lat' dir='ltr'>luerunt,</span> <span class='ocrx_word' id='word_1_72' title='bbox 1682 1451 1841 1514; x_wconf 80' lang='lat' dir='ltr'>quousque</span> <span class='ocrx_word' id='word_1_73' title='bbox 1861 1434 1934 1500; x_wconf 88' lang='lat' dir='ltr'>dicti</span> 
     </span>
     <span class='ocr_line' id='line_1_7' title="bbox 104 1551 1930 1632; baseline -0.001 -16"><span class='ocrx_word' id='word_1_74' title='bbox 104 1569 176 1616; x_wconf 89' lang='lat' dir='ltr'>nunc</span> <span class='ocrx_word' id='word_1_75' title='bbox 198 1551 388 1615; x_wconf 85' lang='lat' dir='ltr'>vicecomites</span> <span class='ocrx_word' id='word_1_76' title='bbox 409 1568 447 1614; x_wconf 84' lang='lat' dir='ltr'>ex</span> <span class='ocrx_word' id='word_1_77' title='bbox 468 1551 578 1614; x_wconf 88' lang='lat' dir='ltr'>iniuria</span> <span class='ocrx_word' id='word_1_78' title='bbox 599 1565 655 1614; x_wconf 84' lang='lat' dir='ltr'>sns</span> <span class='ocrx_word' id='word_1_79' title='bbox 677 1551 818 1632; x_wconf 80' lang='lat' dir='ltr'>propria,</span> <span class='ocrx_word' id='word_1_80' title='bbox 846 1557 951 1615; x_wconf 90' lang='lat' dir='ltr'>centra</span> <span class='ocrx_word' id='word_1_81' title='bbox 983 1559 1117 1616; x_wconf 88' lang='lat' dir='ltr'>tenorem</span> <span class='ocrx_word' id='word_1_82' title='bbox 1147 1559 1299 1614; x_wconf 88' lang='lat' dir='ltr'>cartarum</span> <span class='ocrx_word' id='word_1_83' title='bbox 1330 1559 1361 1613; x_wconf 89' lang='lat' dir='ltr'>et</span> <span class='ocrx_word' id='word_1_84' title='bbox 1387 1551 1663 1632; x_wconf 86' lang='lat' dir='ltr'>composicionum,</span> <span class='ocrx_word' id='word_1_85' title='bbox 1699 1561 1729 1615; x_wconf 87' lang='lat' dir='ltr'>rt</span> <span class='ocrx_word' id='word_1_86' title='bbox 1753 1551 1930 1632; x_wconf 80' lang='lat' dir='ltr'>predicitur,</span> 
     </span>
     <span class='ocr_line' id='line_1_8' title="bbox 105 1668 1936 1750; baseline 0 -16"><span class='ocrx_word' id='word_1_87' title='bbox 105 1678 264 1746; x_wconf 78' lang='lat' dir='ltr'>custumes,</span> <span class='ocrx_word' id='word_1_88' title='bbox 285 1668 433 1745; x_wconf 87' lang='lat' dir='ltr'>subsidia,</span> <span class='ocrx_word' id='word_1_89' title='bbox 462 1671 669 1747; x_wconf 85' lang='lat' dir='ltr'>prestacinnes</span> <span class='ocrx_word' id='word_1_90' title='bbox 691 1676 721 1732; x_wconf 89' lang='lat' dir='ltr'>et</span> <span class='ocrx_word' id='word_1_91' title='bbox 742 1683 835 1732; x_wconf 85' lang='lat' dir='ltr'>onera</span> <span class='ocrx_word' id='word_1_92' title='bbox 856 1669 993 1750; x_wconf 91' lang='lat' dir='ltr'>predicta</span> <span class='ocrx_word' id='word_1_93' title='bbox 1015 1685 1109 1748; x_wconf 90' lang='lat' dir='ltr'>snper</span> <span class='ocrx_word' id='word_1_94' title='bbox 1128 1669 1226 1733; x_wconf 91' lang='lat' dir='ltr'>dictos</span> <span class='ocrx_word' id='word_1_95' title='bbox 1247 1675 1431 1733; x_wconf 81' lang='lat' dir='ltr'>mercatores</span> <span class='ocrx_word' id='word_1_96' title='bbox 1452 1685 1490 1732; x_wconf 86' lang='lat' dir='ltr'>nc</span> <span class='ocrx_word' id='word_1_97' title='bbox 1511 1669 1590 1733; x_wconf 83' lang='lat' dir='ltr'>boun</span> <span class='ocrx_word' id='word_1_98' title='bbox 1612 1679 1641 1733; x_wconf 85' lang='lat' dir='ltr'>et</span> <span class='ocrx_word' id='word_1_99' title='bbox 1662 1671 1858 1736; x_wconf 87' lang='lat' dir='ltr'>mercimonia</span> <span class='ocrx_word' id='word_1_100' title='bbox 1870 1686 1936 1734; x_wconf 85' lang='lat' dir='ltr'>sua</span> 
     </span>
     <span class='ocr_line' id='line_1_9' title="bbox 103 1784 1937 1867; baseline -0.001 -15"><span class='ocrx_word' id='word_1_101' title='bbox 103 1791 215 1852; x_wconf 88' lang='lat' dir='ltr'>nouiter</span> <span class='ocrx_word' id='word_1_102' title='bbox 237 1793 267 1850; x_wconf 90' lang='lat' dir='ltr'>et</span> <span class='ocrx_word' id='word_1_103' title='bbox 288 1786 420 1850; x_wconf 82' lang='lat' dir='ltr'>indebite</span> <span class='ocrx_word' id='word_1_104' title='bbox 440 1788 555 1865; x_wconf 88' lang='lat' dir='ltr'>impcni</span> <span class='ocrx_word' id='word_1_105' title='bbox 578 1784 689 1864; x_wconf 83' lang='lat' dir='ltr'>iecere,</span> <span class='ocrx_word' id='word_1_106' title='bbox 711 1794 770 1850; x_wconf 87' lang='lat' dir='ltr'>etc.</span> <span class='ocrx_word' id='word_1_107' title='bbox 813 1785 851 1850; x_wconf 84' lang='lat' dir='ltr'>lit</span> <span class='ocrx_word' id='word_1_108' title='bbox 872 1785 931 1850; x_wconf 89' lang='lat' dir='ltr'>boc</span> <span class='ocrx_word' id='word_1_109' title='bbox 952 1787 1011 1866; x_wconf 89' lang='lat' dir='ltr'>ipsi</span> <span class='ocrx_word' id='word_1_110' title='bbox 1034 1795 1218 1850; x_wconf 79' lang='lat' dir='ltr'>mercatores</span> <span class='ocrx_word' id='word_1_111' title='bbox 1238 1787 1339 1865; x_wconf 81' lang='lat' dir='ltr'>parati</span> <span class='ocrx_word' id='word_1_112' title='bbox 1360 1795 1432 1850; x_wconf 90' lang='lat' dir='ltr'>snut</span> <span class='ocrx_word' id='word_1_113' title='bbox 1453 1787 1618 1865; x_wconf 79' lang='lat' dir='ltr'>verificare,</span> <span class='ocrx_word' id='word_1_114' title='bbox 1642 1796 1672 1851; x_wconf 91' lang='lat' dir='ltr'>et</span> <span class='ocrx_word' id='word_1_115' title='bbox 1688 1787 1728 1852; x_wconf 90' lang='lat' dir='ltr'>de</span> <span class='ocrx_word' id='word_1_116' title='bbox 1740 1788 1799 1853; x_wconf 91' lang='lat' dir='ltr'>boc</span> <span class='ocrx_word' id='word_1_117' title='bbox 1819 1797 1937 1867; x_wconf 90' lang='lat' dir='ltr'>ponunt</span> 
     </span>
     <span class='ocr_line' id='line_1_10' title="bbox 104 1901 1937 1984; baseline 0 -14"><span class='ocrx_word' id='word_1_118' title='bbox 104 1925 133 1970; x_wconf 88' lang='lat' dir='ltr'>se</span> <span class='ocrx_word' id='word_1_119' title='bbox 153 1921 246 1984; x_wconf 90' lang='lat' dir='ltr'>super</span> <span class='ocrx_word' id='word_1_120' title='bbox 267 1905 395 1970; x_wconf 87' lang='lat' dir='ltr'>recorda</span> <span class='ocrx_word' id='word_1_121' title='bbox 416 1904 566 1970; x_wconf 83' lang='lat' dir='ltr'>librorum</span> <span class='ocrx_word' id='word_1_122' title='bbox 588 1907 620 1968; x_wconf 89' lang='lat' dir='ltr'>in</span> <span class='ocrx_word' id='word_1_123' title='bbox 643 1905 830 1970; x_wconf 85' lang='lat' dir='ltr'>thesauraria</span> <span class='ocrx_word' id='word_1_124' title='bbox 853 1912 883 1968; x_wconf 90' lang='lat' dir='ltr'>et</span> <span class='ocrx_word' id='word_1_125' title='bbox 905 1919 1026 1968; x_wconf 83' lang='lat' dir='ltr'>comere</span> <span class='ocrx_word' id='word_1_126' title='bbox 1049 1901 1200 1968; x_wconf 79' lang='lat' dir='ltr'>Guibalde</span> <span class='ocrx_word' id='word_1_127' title='bbox 1219 1903 1299 1968; x_wconf 90' lang='lat' dir='ltr'>dicte</span> <span class='ocrx_word' id='word_1_128' title='bbox 1319 1905 1452 1970; x_wconf 91' lang='lat' dir='ltr'>ciuitatis</span> <span class='ocrx_word' id='word_1_129' title='bbox 1474 1907 1677 1984; x_wconf 86' lang='lat' dir='ltr'>existentium,</span> <span class='ocrx_word' id='word_1_130' title='bbox 1700 1913 1757 1971; x_wconf 89' lang='lat' dir='ltr'>etc.</span> <span class='ocrx_word' id='word_1_131' title='bbox 1804 1906 1842 1970; x_wconf 84' lang='lat' dir='ltr'>lit</span> <span class='ocrx_word' id='word_1_132' title='bbox 1863 1906 1937 1972; x_wconf 89' lang='lat' dir='ltr'>dicti</span> 
     </span>
     <span class='ocr_line' id='line_1_11' title="bbox 104 2023 538 2100; baseline 0 -14"><span class='ocrx_word' id='word_1_133' title='bbox 104 2023 288 2088; x_wconf 85' lang='lat' dir='ltr'>vicecomites</span> <span class='ocrx_word' id='word_1_134' title='bbox 308 2023 458 2100; x_wconf 86' lang='lat' dir='ltr'>similiter,</span> <span class='ocrx_word' id='word_1_135' title='bbox 481 2031 538 2088; x_wconf 87' lang='lat' dir='ltr'>etc.</span> 
     </span>
    </p>

    <p class='ocr_par' dir='ltr' id='par_1_3' title="bbox 105 2141 1942 3171">
     <span class='ocr_line' id='line_1_12' title="bbox 253 2141 1938 2222; baseline 0.002 -18"><span class='ocrx_word' id='word_1_136' title='bbox 253 2141 389 2222; x_wconf 72' lang='lat' dir='ltr'>llmuper</span> <span class='ocrx_word' id='word_1_137' title='bbox 409 2142 478 2218; x_wconf 90' lang='lat' dir='ltr'>boe,</span> <span class='ocrx_word' id='word_1_138' title='bbox 502 2143 573 2221; x_wconf 82' lang='lat' dir='ltr'>quin</span> <span class='ocrx_word' id='word_1_139' title='bbox 594 2141 668 2206; x_wconf 88' lang='lat' dir='ltr'>risis</span> <span class='ocrx_word' id='word_1_140' title='bbox 688 2145 776 2222; x_wconf 84' lang='lat' dir='ltr'>prins</span> <span class='ocrx_word' id='word_1_141' title='bbox 796 2151 826 2206; x_wconf 90' lang='lat' dir='ltr'>et</span> <span class='ocrx_word' id='word_1_142' title='bbox 847 2142 1010 2208; x_wconf 85' lang='lat' dir='ltr'>intellectis</span> <span class='ocrx_word' id='word_1_143' title='bbox 1031 2141 1160 2206; x_wconf 89' lang='lat' dir='ltr'>diuersis</span> <span class='ocrx_word' id='word_1_144' title='bbox 1183 2142 1269 2206; x_wconf 90' lang='lat' dir='ltr'>libris</span> <span class='ocrx_word' id='word_1_145' title='bbox 1292 2150 1322 2205; x_wconf 89' lang='lat' dir='ltr'>er</span> <span class='ocrx_word' id='word_1_146' title='bbox 1344 2141 1480 2206; x_wconf 90' lang='lat' dir='ltr'>recordis</span> <span class='ocrx_word' id='word_1_147' title='bbox 1500 2143 1532 2206; x_wconf 90' lang='lat' dir='ltr'>in</span> <span class='ocrx_word' id='word_1_148' title='bbox 1555 2143 1744 2208; x_wconf 75' lang='lat' dir='ltr'>thesauraria</span> <span class='ocrx_word' id='word_1_149' title='bbox 1766 2151 1796 2208; x_wconf 90' lang='lat' dir='ltr'>et</span> <span class='ocrx_word' id='word_1_150' title='bbox 1817 2145 1938 2208; x_wconf 80' lang='lat' dir='ltr'>camma</span> 
     </span>
     <span class='ocr_line' id='line_1_13' title="bbox 105 2259 1939 2343; baseline 0 -19"><span class='ocrx_word' id='word_1_151' title='bbox 105 2261 291 2343; x_wconf 78' lang='lat' dir='ltr'>predicte1]</span> <span class='ocrx_word' id='word_1_152' title='bbox 313 2260 425 2325; x_wconf 88' lang='lat' dir='ltr'>babilis</span> <span class='ocrx_word' id='word_1_153' title='bbox 445 2269 476 2324; x_wconf 91' lang='lat' dir='ltr'>et</span> <span class='ocrx_word' id='word_1_154' title='bbox 498 2259 586 2324; x_wconf 77' lang='lat' dir='ltr'>lacus</span> <span class='ocrx_word' id='word_1_155' title='bbox 607 2262 638 2324; x_wconf 89' lang='lat' dir='ltr'>in</span> <span class='ocrx_word' id='word_1_156' title='bbox 662 2260 719 2324; x_wconf 82' lang='lat' dir='ltr'>bec</span> <span class='ocrx_word' id='word_1_157' title='bbox 740 2269 839 2340; x_wconf 87' lang='lat' dir='ltr'>parte,</span> <span class='ocrx_word' id='word_1_158' title='bbox 862 2267 1051 2339; x_wconf 90' lang='lat' dir='ltr'>compertum</span> <span class='ocrx_word' id='word_1_159' title='bbox 1073 2267 1120 2323; x_wconf 88' lang='lat' dir='ltr'>est</span> <span class='ocrx_word' id='word_1_160' title='bbox 1141 2259 1229 2324; x_wconf 85' lang='lat' dir='ltr'>dictis</span> <span class='ocrx_word' id='word_1_161' title='bbox 1251 2260 1361 2324; x_wconf 78' lang='lat' dir='ltr'>melori</span> <span class='ocrx_word' id='word_1_162' title='bbox 1382 2269 1413 2324; x_wconf 90' lang='lat' dir='ltr'>et</span> <span class='ocrx_word' id='word_1_163' title='bbox 1433 2260 1658 2340; x_wconf 77' lang='lat' dir='ltr'>aldermannis‚</span> <span class='ocrx_word' id='word_1_164' title='bbox 1681 2261 1847 2342; x_wconf 90' lang='lat' dir='ltr'>qnoddicti</span> <span class='ocrx_word' id='word_1_165' title='bbox 1860 2277 1939 2327; x_wconf 90' lang='lat' dir='ltr'>mer-</span> 
     </span>
     <span class='ocr_line' id='line_1_14' title="bbox 105 2378 1939 2462; baseline 0 -18"><span class='ocrx_word' id='word_1_166' title='bbox 105 2389 217 2444; x_wconf 87' lang='lat' dir='ltr'>catores</span> <span class='ocrx_word' id='word_1_167' title='bbox 239 2379 280 2442; x_wconf 79' lang='lat' dir='ltr'>ab</span> <span class='ocrx_word' id='word_1_168' title='bbox 300 2379 442 2442; x_wconf 87' lang='lat' dir='ltr'>omnibns</span> <span class='ocrx_word' id='word_1_169' title='bbox 464 2378 636 2444; x_wconf 85' lang='lat' dir='ltr'>huiusmodi</span> <span class='ocrx_word' id='word_1_170' title='bbox 659 2379 944 2456; x_wconf 87' lang='lat' dir='ltr'>consuetudinibus,</span> <span class='ocrx_word' id='word_1_171' title='bbox 966 2379 1128 2456; x_wconf 89' lang='lat' dir='ltr'>custumis,</span> <span class='ocrx_word' id='word_1_172' title='bbox 1150 2379 1402 2458; x_wconf 79' lang='lat' dir='ltr'>presmdombus,</span> <span class='ocrx_word' id='word_1_173' title='bbox 1424 2379 1568 2443; x_wconf 87' lang='lat' dir='ltr'>subsidiis</span> <span class='ocrx_word' id='word_1_174' title='bbox 1597 2388 1627 2444; x_wconf 92' lang='lat' dir='ltr'>et</span> <span class='ocrx_word' id='word_1_175' title='bbox 1654 2380 1798 2444; x_wconf 89' lang='lat' dir='ltr'>oneribus</span> <span class='ocrx_word' id='word_1_176' title='bbox 1818 2395 1939 2462; x_wconf 80' lang='lat' dir='ltr'>semper</span> 
     </span>
     <span class='ocr_line' id='line_1_15' title="bbox 106 2495 1939 2587; baseline 0.001 -25"><span class='ocrx_word' id='word_1_177' title='bbox 106 2501 191 2579; x_wconf 88' lang='lat' dir='ltr'>quieti</span> <span class='ocrx_word' id='word_1_178' title='bbox 213 2497 336 2562; x_wconf 88' lang='lat' dir='ltr'>luerunt</span> <span class='ocrx_word' id='word_1_179' title='bbox 358 2506 388 2587; x_wconf 88' lang='lat' dir='ltr'>et</span> <span class='ocrx_word' id='word_1_180' title='bbox 408 2499 564 2561; x_wconf 79' lang='lat' dir='ltr'>exonerati</span> <span class='ocrx_word' id='word_1_181' title='bbox 585 2505 659 2574; x_wconf 80' lang='lat' dir='ltr'>etc,</span> <span class='ocrx_word' id='word_1_182' title='bbox 688 2507 718 2561; x_wconf 92' lang='lat' dir='ltr'>et</span> <span class='ocrx_word' id='word_1_183' title='bbox 739 2499 822 2577; x_wconf 92' lang='lat' dir='ltr'>quod</span> <span class='ocrx_word' id='word_1_184' title='bbox 843 2504 979 2562; x_wconf 84' lang='lat' dir='ltr'>ensurme</span> <span class='ocrx_word' id='word_1_185' title='bbox 999 2497 1135 2576; x_wconf 85' lang='lat' dir='ltr'>predicte</span> <span class='ocrx_word' id='word_1_186' title='bbox 1162 2498 1281 2560; x_wconf 85' lang='lat' dir='ltr'>nouiter</span> <span class='ocrx_word' id='word_1_187' title='bbox 1301 2506 1338 2577; x_wconf 56' lang='lat' dir='ltr'>:et</span> <span class='ocrx_word' id='word_1_188' title='bbox 1358 2495 1489 2560; x_wconf 89' lang='lat' dir='ltr'>indebite</span> <span class='ocrx_word' id='word_1_189' title='bbox 1515 2511 1610 2577; x_wconf 88' lang='lat' dir='ltr'>super</span> <span class='ocrx_word' id='word_1_190' title='bbox 1637 2501 1721 2578; x_wconf 89' lang='lat' dir='ltr'>ipses</span> <span class='ocrx_word' id='word_1_191' title='bbox 1743 2507 1939 2570; x_wconf 79' lang='lat' dir='ltr'>mercatores,</span> 
     </span>
     <span class='ocr_line' id='line_1_16' title="bbox 105 2613 1938 2696; baseline -0.001 -15"><span class='ocrx_word' id='word_1_192' title='bbox 105 2625 131 2681; x_wconf 88' lang='lat' dir='ltr'>et</span> <span class='ocrx_word' id='word_1_193' title='bbox 150 2619 229 2681; x_wconf 84' lang='lat' dir='ltr'>bona</span> <span class='ocrx_word' id='word_1_194' title='bbox 252 2633 289 2680; x_wconf 86' lang='lat' dir='ltr'>ae</span> <span class='ocrx_word' id='word_1_195' title='bbox 311 2617 508 2680; x_wconf 88' lang='lat' dir='ltr'>mercimonia</span> <span class='ocrx_word' id='word_1_196' title='bbox 530 2631 586 2680; x_wconf 84' lang='lat' dir='ltr'>sua</span> <span class='ocrx_word' id='word_1_197' title='bbox 607 2621 712 2680; x_wconf 81' lang='lat' dir='ltr'>contm</span> <span class='ocrx_word' id='word_1_198' title='bbox 735 2624 854 2680; x_wconf 76' lang='lat' dir='ltr'>moeres</span> <span class='ocrx_word' id='word_1_199' title='bbox 876 2621 1028 2679; x_wconf 87' lang='lat' dir='ltr'>cartarum</span> <span class='ocrx_word' id='word_1_200' title='bbox 1050 2623 1080 2678; x_wconf 87' lang='lat' dir='ltr'>et</span> <span class='ocrx_word' id='word_1_201' title='bbox 1101 2615 1336 2694; x_wconf 84' lang='lat' dir='ltr'>composicionis</span> <span class='ocrx_word' id='word_1_202' title='bbox 1358 2631 1395 2678; x_wconf 94' lang='lat' dir='ltr'>ac</span> <span class='ocrx_word' id='word_1_203' title='bbox 1410 2615 1582 2679; x_wconf 85' lang='lat' dir='ltr'>libertatum</span> <span class='ocrx_word' id='word_1_204' title='bbox 1593 2629 1717 2678; x_wconf 83' lang='lat' dir='ltr'>suarum</span> <span class='ocrx_word' id='word_1_205' title='bbox 1734 2613 1938 2696; x_wconf 86' lang='lat' dir='ltr'>predictarum</span> 
     </span>
     <span class='ocr_line' id='line_1_17' title="bbox 105 2719 1939 2815; baseline 0 -17"><span class='ocrx_word' id='word_1_206' title='bbox 105 2738 241 2815; x_wconf 87' lang='lat' dir='ltr'>inposite</span> <span class='ocrx_word' id='word_1_207' title='bbox 265 2733 396 2808; x_wconf 86' lang='lat' dir='ltr'>luerunt,</span> <span class='ocrx_word' id='word_1_208' title='bbox 419 2733 487 2799; x_wconf 90' lang='lat' dir='ltr'>ideo</span> <span class='ocrx_word' id='word_1_209' title='bbox 500 2734 537 2812; x_wconf 76' lang='lat'>²)</span> <span class='ocrx_word' id='word_1_210' title='bbox 560 2751 617 2814; x_wconf 88' lang='lat' dir='ltr'>per</span> <span class='ocrx_word' id='word_1_211' title='bbox 636 2735 734 2800; x_wconf 87' lang='lat' dir='ltr'>dictos</span> <span class='ocrx_word' id='word_1_212' title='bbox 755 2719 901 2800; x_wconf 83' lang='lat' dir='ltr'>maior&#39;em</span> <span class='ocrx_word' id='word_1_213' title='bbox 922 2743 953 2797; x_wconf 90' lang='lat' dir='ltr'>et</span> <span class='ocrx_word' id='word_1_214' title='bbox 974 2731 1188 2797; x_wconf 84' lang='lat' dir='ltr'>aldermannus</span> <span class='ocrx_word' id='word_1_215' title='bbox 1209 2731 1435 2798; x_wconf 87' lang='lat' dir='ltr'>consideratum</span> <span class='ocrx_word' id='word_1_216' title='bbox 1455 2740 1502 2798; x_wconf 90' lang='lat' dir='ltr'>est</span> <span class='ocrx_word' id='word_1_217' title='bbox 1522 2732 1634 2798; x_wconf 90' lang='lat' dir='ltr'>adtuuc</span> <span class='ocrx_word' id='word_1_218' title='bbox 1656 2742 1687 2797; x_wconf 90' lang='lat' dir='ltr'>et</span> <span class='ocrx_word' id='word_1_219' title='bbox 1707 2733 1830 2811; x_wconf 87' lang='lat' dir='ltr'>ibidem,</span> <span class='ocrx_word' id='word_1_220' title='bbox 1857 2735 1939 2815; x_wconf 90' lang='lat' dir='ltr'>qnod</span> 
     </span>
     <span class='ocr_line' id='line_1_18' title="bbox 106 2852 1942 2933; baseline -0.001 -15"><span class='ocrx_word' id='word_1_221' title='bbox 106 2855 173 2918; x_wconf 89' lang='lat' dir='ltr'>dicti</span> <span class='ocrx_word' id='word_1_222' title='bbox 194 2862 391 2931; x_wconf 78' lang='lat' dir='ltr'>mercatores,</span> <span class='ocrx_word' id='word_1_223' title='bbox 414 2855 574 2918; x_wconf 90' lang='lat' dir='ltr'>occasione</span> <span class='ocrx_word' id='word_1_224' title='bbox 594 2853 730 2933; x_wconf 88' lang='lat' dir='ltr'>predicte</span> <span class='ocrx_word' id='word_1_225' title='bbox 751 2861 898 2930; x_wconf 71' lang='lat' dir='ltr'>eunome,</span> <span class='ocrx_word' id='word_1_226' title='bbox 920 2853 1131 2931; x_wconf 87' lang='lat' dir='ltr'>prestaciunis,</span> <span class='ocrx_word' id='word_1_227' title='bbox 1160 2852 1286 2917; x_wconf 90' lang='lat' dir='ltr'>subsidii</span> <span class='ocrx_word' id='word_1_228' title='bbox 1298 2853 1335 2931; x_wconf 85' lang='lat'>³)</span> <span class='ocrx_word' id='word_1_229' title='bbox 1357 2861 1387 2915; x_wconf 91' lang='lat' dir='ltr'>et</span> <span class='ocrx_word' id='word_1_230' title='bbox 1408 2867 1535 2916; x_wconf 89' lang='lat' dir='ltr'>onerum</span> <span class='ocrx_word' id='word_1_231' title='bbox 1556 2867 1815 2933; x_wconf 89' lang='lat' dir='ltr'>quorumcumque</span> <span class='ocrx_word' id='word_1_232' title='bbox 1836 2869 1942 2917; x_wconf 86' lang='lat' dir='ltr'>versus</span> 
     </span>
     <span class='ocr_line' id='line_1_19' title="bbox 107 2970 1941 3053; baseline -0.002 -17"><span class='ocrx_word' id='word_1_233' title='bbox 107 2973 198 3037; x_wconf 89' lang='lat' dir='ltr'>dictos</span> <span class='ocrx_word' id='word_1_234' title='bbox 221 2974 411 3038; x_wconf 83' lang='lat' dir='ltr'>vicecomites</span> <span class='ocrx_word' id='word_1_235' title='bbox 433 2981 463 3036; x_wconf 91' lang='lat' dir='ltr'>et</span> <span class='ocrx_word' id='word_1_236' title='bbox 483 2988 675 3036; x_wconf 80' lang='lat' dir='ltr'>successores</span> <span class='ocrx_word' id='word_1_237' title='bbox 697 2988 769 3036; x_wconf 88' lang='lat' dir='ltr'>suos</span> <span class='ocrx_word' id='word_1_238' title='bbox 798 2973 923 3036; x_wconf 88' lang='lat' dir='ltr'>omnino</span> <span class='ocrx_word' id='word_1_239' title='bbox 950 2971 1011 3035; x_wconf 89' lang='lat' dir='ltr'>sint</span> <span class='ocrx_word' id='word_1_240' title='bbox 1036 2971 1129 3048; x_wconf 87' lang='lat' dir='ltr'>quieti</span> <span class='ocrx_word' id='word_1_241' title='bbox 1158 2977 1187 3034; x_wconf 90' lang='lat' dir='ltr'>et</span> <span class='ocrx_word' id='word_1_242' title='bbox 1214 2972 1334 3051; x_wconf 87' lang='lat' dir='ltr'>penitus</span> <span class='ocrx_word' id='word_1_243' title='bbox 1362 2973 1533 3048; x_wconf 84' lang='lat' dir='ltr'>exonerati,</span> <span class='ocrx_word' id='word_1_244' title='bbox 1566 2973 1632 3034; x_wconf 89' lang='lat' dir='ltr'>iure</span> <span class='ocrx_word' id='word_1_245' title='bbox 1658 2970 1774 3036; x_wconf 88' lang='lat' dir='ltr'>domiui</span> <span class='ocrx_word' id='word_1_246' title='bbox 1803 2973 1885 3053; x_wconf 83' lang='lat' dir='ltr'>regis</span> <span class='ocrx_word' id='word_1_247' title='bbox 1911 2980 1941 3035; x_wconf 89' lang='lat' dir='ltr'>et</span> 
     </span>
     <span class='ocr_line' id='line_1_20' title="bbox 106 3090 776 3171; baseline -0.001 -17"><span class='ocrx_word' id='word_1_248' title='bbox 106 3092 231 3156; x_wconf 90' lang='lat' dir='ltr'>aliorum</span> <span class='ocrx_word' id='word_1_249' title='bbox 254 3105 515 3171; x_wconf 88' lang='lat' dir='ltr'>quorumcumque</span> <span class='ocrx_word' id='word_1_250' title='bbox 535 3106 656 3169; x_wconf 83' lang='lat' dir='ltr'>semper</span> <span class='ocrx_word' id='word_1_251' title='bbox 677 3090 776 3155; x_wconf 81' lang='lat' dir='ltr'>seluo.</span> 
     </span>
    </p>

    <p class='ocr_par' dir='ltr' id='par_1_4' title="bbox 106 3206 1942 3529">
     <span class='ocr_line' id='line_1_21' title="bbox 256 3206 1942 3290; baseline -0.001 -19"><span class='ocrx_word' id='word_1_252' title='bbox 256 3209 290 3274; x_wconf 92' lang='lat' dir='ltr'>ln</span> <span class='ocrx_word' id='word_1_253' title='bbox 311 3212 398 3273; x_wconf 90' lang='lat' dir='ltr'>cuius</span> <span class='ocrx_word' id='word_1_254' title='bbox 420 3208 542 3288; x_wconf 90' lang='lat' dir='ltr'>quidem</span> <span class='ocrx_word' id='word_1_255' title='bbox 564 3209 850 3290; x_wconf 81' lang='lat' dir='ltr'>exemplificacionis</span> <span class='ocrx_word' id='word_1_256' title='bbox 873 3209 1080 3272; x_wconf 91' lang='lat' dir='ltr'>testimonium</span> <span class='ocrx_word' id='word_1_257' title='bbox 1108 3209 1204 3277; x_wconf 86' lang='lat' dir='ltr'>nostrl</span> <span class='ocrx_word' id='word_1_258' title='bbox 1226 3210 1392 3271; x_wconf 77' lang='lat' dir='ltr'>maturatus</span> <span class='ocrx_word' id='word_1_259' title='bbox 1419 3206 1554 3290; x_wconf 77' lang='lat' dir='ltr'>sigillum</span> <span class='ocrx_word' id='word_1_260' title='bbox 1581 3209 1772 3288; x_wconf 88' lang='lat' dir='ltr'>presentibus</span> <span class='ocrx_word' id='word_1_261' title='bbox 1800 3209 1942 3272; x_wconf 85' lang='lat' dir='ltr'>duximus</span> 
     </span>
     <span class='ocr_line' id='line_1_22' title="bbox 106 3323 1942 3409; baseline -0.001 -19"><span class='ocrx_word' id='word_1_262' title='bbox 106 3327 328 3409; x_wconf 86' lang='lat' dir='ltr'>apponendum.</span> <span class='ocrx_word' id='word_1_263' title='bbox 371 3325 524 3408; x_wconf 85' lang='lat' dir='ltr'>Seriptmn</span> <span class='ocrx_word' id='word_1_264' title='bbox 537 3327 673 3405; x_wconf 83' lang='lat' dir='ltr'>london,</span> <span class='ocrx_word' id='word_1_265' title='bbox 695 3327 831 3408; x_wconf 87' lang='lat' dir='ltr'>predicto</span> <span class='ocrx_word' id='word_1_266' title='bbox 852 3327 995 3390; x_wconf 80' lang='lat' dir='ltr'>vicesimo</span> <span class='ocrx_word' id='word_1_267' title='bbox 1017 3324 1150 3390; x_wconf 90' lang='lat' dir='ltr'>secundo</span> <span class='ocrx_word' id='word_1_268' title='bbox 1171 3325 1220 3390; x_wconf 90' lang='lat' dir='ltr'>die</span> <span class='ocrx_word' id='word_1_269' title='bbox 1233 3327 1344 3389; x_wconf 87' lang='lat' dir='ltr'>mensis</span> <span class='ocrx_word' id='word_1_270' title='bbox 1356 3323 1508 3402; x_wconf 88' lang='lat' dir='ltr'>Octobris,</span> <span class='ocrx_word' id='word_1_271' title='bbox 1531 3341 1612 3389; x_wconf 82' lang='lat' dir='ltr'>nuno</span> <span class='ocrx_word' id='word_1_272' title='bbox 1626 3328 1713 3409; x_wconf 81' lang='lat' dir='ltr'>regni</span> <span class='ocrx_word' id='word_1_273' title='bbox 1727 3325 1942 3409; x_wconf 77' lang='lat' dir='ltr'>regislleurici</span> 
     </span>
     <span class='ocr_line' id='line_1_23' title="bbox 108 3447 682 3529; baseline -0.002 -18"><span class='ocrx_word' id='word_1_274' title='bbox 108 3449 199 3526; x_wconf 86' lang='lat' dir='ltr'>quinti</span> <span class='ocrx_word' id='word_1_275' title='bbox 221 3456 293 3529; x_wconf 86' lang='lat' dir='ltr'>post</span> <span class='ocrx_word' id='word_1_276' title='bbox 313 3455 512 3527; x_wconf 89' lang='lat' dir='ltr'>conquestum</span> <span class='ocrx_word' id='word_1_277' title='bbox 534 3454 630 3511; x_wconf 84' lang='lat' dir='ltr'>sexto.</span> <span class='ocrx_word' id='word_1_278' title='bbox 644 3447 682 3525; x_wconf 85' lang='lat'>⁴)</span> 
     </span>
    </p>
   </div>
   <div class='ocr_carea' id='block_1_3' title="bbox 108 3668 1944 3778">
    <p class='ocr_par' dir='ltr' id='par_1_5' title="bbox 108 3668 1944 3778">
     <span class='ocr_line' id='line_1_24' title="bbox 108 3668 1944 3778; baseline -0.001 -27"><span class='ocrx_word' id='word_1_279' title='bbox 108 3668 287 3753; x_wconf 80' lang='lat' dir='ltr'>uxvn.</span> <span class='ocrx_word' id='word_1_280' title='bbox 334 3672 550 3774; x_wconf 80' lang='lat' dir='ltr'>Alduceiu,</span> <span class='ocrx_word' id='word_1_281' title='bbox 599 3673 749 3753; x_wconf 84' lang='lat' dir='ltr'>Willwe</span> <span class='ocrx_word' id='word_1_282' title='bbox 786 3673 859 3752; x_wconf 85' lang='lat' dir='ltr'>dos</span> <span class='ocrx_word' id='word_1_283' title='bbox 888 3673 1051 3778; x_wconf 84' lang='lat' dir='ltr'>Kuopcu</span> <span class='ocrx_word' id='word_1_284' title='bbox 1086 3673 1251 3754; x_wconf 75' lang='lat' dir='ltr'>tumeas</span> <span class='ocrx_word' id='word_1_285' title='bbox 1281 3672 1466 3773; x_wconf 76' lang='lat' dir='ltr'>Ferrers,</span> <span class='ocrx_word' id='word_1_286' title='bbox 1511 3673 1721 3776; x_wconf 72' lang='lat' dir='ltr'>bmtotiqct</span> <span class='ocrx_word' id='word_1_287' title='bbox 1761 3671 1944 3752; x_wconf 82' lang='lat' dir='ltr'>diodero</span> 
     </span>
    </p>
   </div>
   <div class='ocr_carea' id='block_1_4' title="bbox 200 3821 1855 4083">
    <p class='ocr_par' dir='ltr' id='par_1_6' title="bbox 200 3821 1855 4083">
     <span class='ocr_line' id='line_1_25' title="bbox 200 3821 1855 3931; baseline 0 -27"><span class='ocrx_word' id='word_1_288' title='bbox 200 3825 249 3905; x_wconf 81' lang='lat' dir='ltr'>lt.</span> <span class='ocrx_word' id='word_1_289' title='bbox 280 3823 485 3906; x_wconf 77' lang='lat' dir='ltr'>Bolselucd</span> <span class='ocrx_word' id='word_1_290' title='bbox 513 3823 595 3904; x_wconf 84' lang='lat' dir='ltr'>uod</span> <span class='ocrx_word' id='word_1_291' title='bbox 626 3825 827 3905; x_wconf 81' lang='lat' dir='ltr'>Geoossec</span> <span class='ocrx_word' id='word_1_292' title='bbox 856 3823 1099 3931; x_wconf 72' lang='lat' dir='ltr'>qescbcbeoe</span> <span class='ocrx_word' id='word_1_293' title='bbox 1134 3825 1424 3930; x_wconf 74' lang='lat' dir='ltr'>Ucderlroquoq</span> <span class='ocrx_word' id='word_1_294' title='bbox 1456 3824 1528 3904; x_wconf 87' lang='lat' dir='ltr'>des</span> <span class='ocrx_word' id='word_1_295' title='bbox 1560 3821 1855 3904; x_wconf 82' lang='lat' dir='ltr'>Gruodetllclrec</span> 
     </span>
     <span class='ocr_line' id='line_1_26' title="bbox 493 3963 1434 4083; baseline -0.001 -26"><span class='ocrx_word' id='word_1_296' title='bbox 493 3963 495 3970; x_wconf 37' lang='lat'><strong>¹</strong></span> <span class='ocrx_word' id='word_1_297' title='bbox 614 3985 656 4057; x_wconf 86' lang='lat' dir='ltr'>io</span> <span class='ocrx_word' id='word_1_298' title='bbox 693 3977 910 4083; x_wconf 78' lang='lat' dir='ltr'>Wyudeqos</span> <span class='ocrx_word' id='word_1_299' title='bbox 938 3975 1057 4058; x_wconf 80' lang='lat' dir='ltr'>Lurco.</span> <span class='ocrx_word' id='word_1_300' title='bbox 1119 3976 1233 4078; x_wconf 73' lang='lat'><strong><em>1421,</em></strong></span> <span class='ocrx_word' id='word_1_301' title='bbox 1264 3977 1374 4057; x_wconf 70' lang='lat' dir='ltr'>Mus</span> <span class='ocrx_word' id='word_1_302' title='bbox 1396 3977 1434 4056; x_wconf 77' lang='lat' dir='ltr'>tl.</span> 
     </span>
    </p>
   </div>
   <div class='ocr_carea' id='block_1_5' title="bbox 110 4153 1947 5069">
    <p class='ocr_par' dir='ltr' id='par_1_7' title="bbox 110 4153 1947 5069">
     <span class='ocr_line' id='line_1_27' title="bbox 259 4153 1943 4240; baseline 0.001 -18"><span class='ocrx_word' id='word_1_303' title='bbox 259 4153 527 4223; x_wconf 88' lang='lat' dir='ltr'>Omnibustristi</span> <span class='ocrx_word' id='word_1_304' title='bbox 539 4157 687 4236; x_wconf 83' lang='lat' dir='ltr'>fidelibus,</span> <span class='ocrx_word' id='word_1_305' title='bbox 699 4157 738 4222; x_wconf 92' lang='lat' dir='ltr'>ad</span> <span class='ocrx_word' id='word_1_306' title='bbox 750 4173 827 4238; x_wconf 89' lang='lat' dir='ltr'>quos</span> <span class='ocrx_word' id='word_1_307' title='bbox 838 4175 965 4239; x_wconf 87' lang='lat' dir='ltr'>presens</span> <span class='ocrx_word' id='word_1_308' title='bbox 973 4157 1305 4240; x_wconf 88' lang='lat' dir='ltr'>scriptumperueuerit,</span> <span class='ocrx_word' id='word_1_309' title='bbox 1317 4157 1478 4236; x_wconf 80' lang='lat' dir='ltr'>Alduneia,</span> <span class='ocrx_word' id='word_1_310' title='bbox 1491 4175 1589 4240; x_wconf 89' lang='lat' dir='ltr'>nuper</span> <span class='ocrx_word' id='word_1_311' title='bbox 1597 4157 1943 4236; x_wconf 82' lang='lat' dir='ltr'>vrerTbomeFlerrers,</span> 
     </span>
     <span class='ocr_line' id='line_1_28' title="bbox 110 4274 1946 4361; baseline 0.001 -23"><span class='ocrx_word' id='word_1_312' title='bbox 110 4280 268 4361; x_wconf 76' lang='lat' dir='ltr'>armigeri,</span> <span class='ocrx_word' id='word_1_313' title='bbox 297 4278 437 4344; x_wconf 84' lang='lat' dir='ltr'>salutem.</span> <span class='ocrx_word' id='word_1_314' title='bbox 480 4274 558 4341; x_wconf 86' lang='lat' dir='ltr'>Cum</span> <span class='ocrx_word' id='word_1_315' title='bbox 580 4291 651 4354; x_wconf 85' lang='lat' dir='ltr'>nos,</span> <span class='ocrx_word' id='word_1_316' title='bbox 683 4277 811 4356; x_wconf 87' lang='lat' dir='ltr'>predicti</span> <span class='ocrx_word' id='word_1_317' title='bbox 834 4277 969 4346; x_wconf 83' lang='lat' dir='ltr'>Thomas</span> <span class='ocrx_word' id='word_1_318' title='bbox 990 4285 1021 4341; x_wconf 88' lang='lat' dir='ltr'>et</span> <span class='ocrx_word' id='word_1_319' title='bbox 1045 4277 1205 4353; x_wconf 78' lang='lat' dir='ltr'>dldnucia,</span> <span class='ocrx_word' id='word_1_320' title='bbox 1228 4293 1326 4357; x_wconf 91' lang='lat' dir='ltr'>nuper</span> <span class='ocrx_word' id='word_1_321' title='bbox 1345 4293 1402 4356; x_wconf 91' lang='lat' dir='ltr'>per</span> <span class='ocrx_word' id='word_1_322' title='bbox 1423 4284 1540 4340; x_wconf 91' lang='lat' dir='ltr'>cartam</span> <span class='ocrx_word' id='word_1_323' title='bbox 1562 4286 1708 4355; x_wconf 89' lang='lat' dir='ltr'>nostram,</span> <span class='ocrx_word' id='word_1_324' title='bbox 1732 4275 1743 4360; x_wconf 86' lang='grc' dir='ltr'>Ι)</span> <span class='ocrx_word' id='word_1_325' title='bbox 1770 4279 1857 4342; x_wconf 89' lang='lat' dir='ltr'>cuins</span> <span class='ocrx_word' id='word_1_326' title='bbox 1876 4276 1946 4341; x_wconf 79' lang='lat' dir='ltr'>data</span> 
     </span>
     <span class='ocr_line' id='line_1_29' title="bbox 111 4395 1947 4478; baseline -0.001 -19"><span class='ocrx_word' id='word_1_327' title='bbox 111 4403 153 4460; x_wconf 87' lang='lat' dir='ltr'>est</span> <span class='ocrx_word' id='word_1_328' title='bbox 174 4395 330 4474; x_wconf 81' lang='lat' dir='ltr'>bendum,</span> <span class='ocrx_word' id='word_1_329' title='bbox 353 4403 461 4475; x_wconf 87' lang='lat' dir='ltr'>quartu</span> <span class='ocrx_word' id='word_1_330' title='bbox 482 4395 783 4474; x_wconf 72' lang='lat' dir='ltr'>dispersissent,</span> <span class='ocrx_word' id='word_1_331' title='bbox 813 4411 892 4460; x_wconf 80' lang='lat' dir='ltr'>runo</span> <span class='ocrx_word' id='word_1_332' title='bbox 914 4397 1000 4478; x_wconf 85' lang='lat' dir='ltr'>regni</span> <span class='ocrx_word' id='word_1_333' title='bbox 1021 4395 1114 4478; x_wconf 81' lang='lat' dir='ltr'>Regis</span> <span class='ocrx_word' id='word_1_334' title='bbox 1135 4395 1256 4470; x_wconf 83' lang='lat' dir='ltr'>Heuriei</span> <span class='ocrx_word' id='word_1_335' title='bbox 1280 4397 1377 4474; x_wconf 85' lang='lat' dir='ltr'>quinti</span> <span class='ocrx_word' id='word_1_336' title='bbox 1397 4401 1469 4475; x_wconf 89' lang='lat' dir='ltr'>post</span> <span class='ocrx_word' id='word_1_337' title='bbox 1491 4403 1688 4474; x_wconf 88' lang='lat' dir='ltr'>conquestum</span> <span class='ocrx_word' id='word_1_338' title='bbox 1710 4398 1833 4475; x_wconf 87' lang='lat' dir='ltr'>quinte,</span> <span class='ocrx_word' id='word_1_339' title='bbox 1856 4396 1947 4460; x_wconf 90' lang='lat' dir='ltr'>dede-</span> 
     </span>
     <span class='ocr_line' id='line_1_30' title="bbox 111 4511 1946 4598; baseline 0 -20"><span class='ocrx_word' id='word_1_340' title='bbox 111 4515 222 4592; x_wconf 87' lang='lat' dir='ltr'>rimus,</span> <span class='ocrx_word' id='word_1_341' title='bbox 252 4515 491 4580; x_wconf 73' lang='lat' dir='ltr'>concesssimus</span> <span class='ocrx_word' id='word_1_342' title='bbox 518 4523 548 4579; x_wconf 88' lang='lat' dir='ltr'>et</span> <span class='ocrx_word' id='word_1_343' title='bbox 570 4515 852 4580; x_wconf 79' lang='lat' dir='ltr'>confirmauerimus</span> <span class='ocrx_word' id='word_1_344' title='bbox 873 4513 1003 4579; x_wconf 87' lang='lat' dir='ltr'>lllcardo</span> <span class='ocrx_word' id='word_1_345' title='bbox 1025 4513 1197 4591; x_wconf 84' lang='lat' dir='ltr'>Bokcland,</span> <span class='ocrx_word' id='word_1_346' title='bbox 1226 4515 1284 4576; x_wconf 91' lang='lat' dir='ltr'>ciui</span> <span class='ocrx_word' id='word_1_347' title='bbox 1313 4511 1323 4596; x_wconf 80' lang='grc' dir='ltr'>Ι)</span> <span class='ocrx_word' id='word_1_348' title='bbox 1350 4521 1379 4576; x_wconf 91' lang='lat' dir='ltr'>et</span> <span class='ocrx_word' id='word_1_349' title='bbox 1398 4514 1570 4592; x_wconf 88' lang='lat' dir='ltr'>pisccuario</span> <span class='ocrx_word' id='word_1_350' title='bbox 1592 4511 1746 4591; x_wconf 81' lang='lat' dir='ltr'>lendum,</span> <span class='ocrx_word' id='word_1_351' title='bbox 1775 4521 1804 4577; x_wconf 89' lang='lat' dir='ltr'>et</span> <span class='ocrx_word' id='word_1_352' title='bbox 1825 4514 1946 4598; x_wconf 78' lang='lat' dir='ltr'>liugero</span> 
     </span>
     <span class='ocr_line' id='line_1_31' title="bbox 112 4630 1947 4715; baseline 0.001 -21"><span class='ocrx_word' id='word_1_353' title='bbox 112 4630 259 4715; x_wconf 82' lang='lat' dir='ltr'>Twylord</span> <span class='ocrx_word' id='word_1_354' title='bbox 281 4651 318 4698; x_wconf 91' lang='lat' dir='ltr'>ac</span> <span class='ocrx_word' id='word_1_355' title='bbox 338 4631 458 4698; x_wconf 80' lang='lat' dir='ltr'>cuidam</span> <span class='ocrx_word' id='word_1_356' title='bbox 479 4631 633 4697; x_wconf 85' lang='lat' dir='ltr'>willelmo</span> <span class='ocrx_word' id='word_1_357' title='bbox 655 4632 771 4713; x_wconf 87' lang='lat' dir='ltr'>Olden,</span> <span class='ocrx_word' id='word_1_358' title='bbox 803 4635 864 4698; x_wconf 85' lang='lat' dir='ltr'>iam</span> <span class='ocrx_word' id='word_1_359' title='bbox 885 4632 1041 4711; x_wconf 71' lang='lat' dir='ltr'>destructo,</span> <span class='ocrx_word' id='word_1_360' title='bbox 1073 4641 1167 4698; x_wconf 91' lang='lat' dir='ltr'>totum</span> <span class='ocrx_word' id='word_1_361' title='bbox 1189 4630 1267 4696; x_wconf 92' lang='lat' dir='ltr'>illud</span> <span class='ocrx_word' id='word_1_362' title='bbox 1290 4638 1489 4696; x_wconf 88' lang='lat' dir='ltr'>tenementum</span> <span class='ocrx_word' id='word_1_363' title='bbox 1511 4639 1647 4696; x_wconf 87' lang='lat' dir='ltr'>nosuum</span> <span class='ocrx_word' id='word_1_364' title='bbox 1669 4647 1738 4696; x_wconf 90' lang='lat' dir='ltr'>cnm</span> <span class='ocrx_word' id='word_1_365' title='bbox 1760 4633 1840 4713; x_wconf 84' lang='lat' dir='ltr'>ltayu</span> <span class='ocrx_word' id='word_1_366' title='bbox 1862 4633 1947 4696; x_wconf 88' lang='lat' dir='ltr'>adia·</span> 
     </span>
     <span class='ocr_line' id='line_1_32' title="bbox 114 4749 1947 4836; baseline -0.001 -21"><span class='ocrx_word' id='word_1_367' title='bbox 114 4761 211 4831; x_wconf 88' lang='lat' dir='ltr'>ceute,</span> <span class='ocrx_word' id='word_1_368' title='bbox 240 4753 332 4816; x_wconf 88' lang='lat' dir='ltr'>simul</span> <span class='ocrx_word' id='word_1_369' title='bbox 354 4768 423 4816; x_wconf 92' lang='lat' dir='ltr'>cum</span> <span class='ocrx_word' id='word_1_370' title='bbox 445 4753 585 4816; x_wconf 85' lang='lat' dir='ltr'>omnibns</span> <span class='ocrx_word' id='word_1_371' title='bbox 606 4751 675 4816; x_wconf 82' lang='lat' dir='ltr'>eliis</span> <span class='ocrx_word' id='word_1_372' title='bbox 697 4752 979 4830; x_wconf 90' lang='lat' dir='ltr'>commoditatibus,</span> <span class='ocrx_word' id='word_1_373' title='bbox 1008 4755 1019 4834; x_wconf 77' lang='lat' dir='ltr'>ll</span> <span class='ocrx_word' id='word_1_374' title='bbox 1051 4752 1239 4816; x_wconf 90' lang='lat' dir='ltr'>aisiamentis</span> <span class='ocrx_word' id='word_1_375' title='bbox 1260 4759 1289 4814; x_wconf 90' lang='lat' dir='ltr'>et</span> <span class='ocrx_word' id='word_1_376' title='bbox 1316 4751 1525 4831; x_wconf 88' lang='lat' dir='ltr'>pertinenciis,</span> <span class='ocrx_word' id='word_1_377' title='bbox 1560 4749 1705 4836; x_wconf 87' lang='lat' dir='ltr'>predictis</span> <span class='ocrx_word' id='word_1_378' title='bbox 1727 4757 1894 4814; x_wconf 88' lang='lat' dir='ltr'>tenemento</span> <span class='ocrx_word' id='word_1_379' title='bbox 1917 4761 1947 4814; x_wconf 92' lang='lat' dir='ltr'>et</span> 
     </span>
     <span class='ocr_line' id='line_1_33' title="bbox 114 4865 1945 4952; baseline 0.001 -20"><span class='ocrx_word' id='word_1_380' title='bbox 114 4869 190 4950; x_wconf 84' lang='lat' dir='ltr'>layo</span> <span class='ocrx_word' id='word_1_381' title='bbox 212 4871 475 4951; x_wconf 82' lang='lat' dir='ltr'>qualitercumque</span> <span class='ocrx_word' id='word_1_382' title='bbox 496 4871 727 4950; x_wconf 88' lang='lat' dir='ltr'>pertinentibus,</span> <span class='ocrx_word' id='word_1_383' title='bbox 749 4873 866 4935; x_wconf 81' lang='lat' dir='ltr'>situatis</span> <span class='ocrx_word' id='word_1_384' title='bbox 888 4871 918 4933; x_wconf 89' lang='lat' dir='ltr'>in</span> <span class='ocrx_word' id='word_1_385' title='bbox 938 4868 1066 4950; x_wconf 83' lang='lat' dir='ltr'>remella,</span> <span class='ocrx_word' id='word_1_386' title='bbox 1089 4877 1194 4933; x_wconf 84' lang='lat' dir='ltr'>vocata</span> <span class='ocrx_word' id='word_1_387' title='bbox 1210 4867 1470 4952; x_wconf 79' lang='lat' dir='ltr'>Wyndegoslane,</span> <span class='ocrx_word' id='word_1_388' title='bbox 1493 4871 1523 4932; x_wconf 89' lang='lat' dir='ltr'>iu</span> <span class='ocrx_word' id='word_1_389' title='bbox 1544 4867 1690 4948; x_wconf 80' lang='lat' dir='ltr'>parocbia</span> <span class='ocrx_word' id='word_1_390' title='bbox 1707 4866 1851 4932; x_wconf 87' lang='lat' dir='ltr'>Omnium</span> <span class='ocrx_word' id='word_1_391' title='bbox 1868 4865 1945 4934; x_wconf 89' lang='lat' dir='ltr'>San·</span> 
     </span>
     <span class='ocr_line' id='line_1_34' title="bbox 116 4961 1947 5069; baseline 0.001 -19"><span class='ocrx_word' id='word_1_392' title='bbox 116 4995 230 5056; x_wconf 82' lang='lat' dir='ltr'>curum</span> <span class='ocrx_word' id='word_1_393' title='bbox 252 4991 292 5056; x_wconf 91' lang='lat' dir='ltr'>ad</span> <span class='ocrx_word' id='word_1_394' title='bbox 314 4989 417 5054; x_wconf 86' lang='lat' dir='ltr'>lenum</span> <span class='ocrx_word' id='word_1_395' title='bbox 433 4989 580 5068; x_wconf 81' lang='lat' dir='ltr'>london,</span> <span class='ocrx_word' id='word_1_396' title='bbox 602 4991 680 5053; x_wconf 87' lang='lat' dir='ltr'>inter</span> <span class='ocrx_word' id='word_1_397' title='bbox 696 4996 895 5054; x_wconf 87' lang='lat' dir='ltr'>tenementum</span> <span class='ocrx_word' id='word_1_398' title='bbox 918 5004 1017 5068; x_wconf 86' lang='lat' dir='ltr'>nuper</span> <span class='ocrx_word' id='word_1_399' title='bbox 1029 4961 1233 5054; x_wconf 74' lang='lat' dir='ltr'>bartholomei</span> <span class='ocrx_word' id='word_1_400' title='bbox 1247 4987 1420 5069; x_wconf 70' lang='lat' dir='ltr'>Flrestlpng</span> <span class='ocrx_word' id='word_1_401' title='bbox 1441 5003 1478 5052; x_wconf 84' lang='lat' dir='ltr'>ex</span> <span class='ocrx_word' id='word_1_402' title='bbox 1500 4995 1586 5067; x_wconf 90' lang='lat' dir='ltr'>parte</span> <span class='ocrx_word' id='word_1_403' title='bbox 1609 4986 1759 5064; x_wconf 86' lang='lat' dir='ltr'>orientali,</span> <span class='ocrx_word' id='word_1_404' title='bbox 1783 4996 1811 5050; x_wconf 88' lang='lat' dir='ltr'>et</span> <span class='ocrx_word' id='word_1_405' title='bbox 1834 4989 1947 5069; x_wconf 62' lang='lat' dir='ltr'>layum</span> 
     </span>
    </p>
   </div>
   <div class='ocr_carea' id='block_1_6' title="bbox 119 5275 1950 5428">
    <p class='ocr_par' dir='ltr' id='par_1_8' title="bbox 119 5275 1950 5428">
     <span class='ocr_line' id='line_1_35' title="bbox 274 5275 1950 5343; baseline 0.001 -16"><span class='ocrx_word' id='word_1_406' title='bbox 274 5275 296 5341; x_wconf 87' lang='lat'>¹)</span> <span class='ocrx_word' id='word_1_407' title='bbox 322 5276 462 5328; x_wconf 87' lang='lat' dir='ltr'>Predlotls.</span> <span class='ocrx_word' id='word_1_408' title='bbox 497 5277 593 5328; x_wconf 80' lang='lat' dir='ltr'>Hnmb.</span> <span class='ocrx_word' id='word_1_409' title='bbox 759 5275 785 5342; x_wconf 86' lang='lat'>²)</span> <span class='ocrx_word' id='word_1_410' title='bbox 811 5275 896 5328; x_wconf 72' lang='lat' dir='ltr'>Adeo.</span> <span class='ocrx_word' id='word_1_411' title='bbox 934 5275 1028 5326; x_wconf 81' lang='lat' dir='ltr'>Homb.</span> <span class='ocrx_word' id='word_1_412' title='bbox 1194 5275 1221 5343; x_wconf 63' lang='grc'>8)</span> <span class='ocrx_word' id='word_1_413' title='bbox 1248 5275 1427 5329; x_wconf 83' lang='lat' dir='ltr'>Predlctarnm</span> <span class='ocrx_word' id='word_1_414' title='bbox 1444 5283 1636 5339; x_wconf 85' lang='lat' dir='ltr'>onstnmrrnm,</span> <span class='ocrx_word' id='word_1_415' title='bbox 1656 5275 1861 5340; x_wconf 69' lang='lat' dir='ltr'>presbeterum,</span> <span class='ocrx_word' id='word_1_416' title='bbox 1880 5277 1950 5329; x_wconf 90' lang='lat' dir='ltr'>snb-</span> 
     </span>
     <span class='ocr_line' id='line_1_36' title="bbox 119 5357 1157 5428; baseline 0.001 -18"><span class='ocrx_word' id='word_1_417' title='bbox 119 5357 254 5413; x_wconf 86' lang='lat' dir='ltr'>sidlcrum.</span> <span class='ocrx_word' id='word_1_418' title='bbox 288 5361 384 5414; x_wconf 74' lang='lat' dir='ltr'>Homo.</span> <span class='ocrx_word' id='word_1_419' title='bbox 541 5361 567 5428; x_wconf 85' lang='lat'>⁴)</span> <span class='ocrx_word' id='word_1_420' title='bbox 595 5365 625 5414; x_wconf 89' lang='lat' dir='ltr'>ln</span> <span class='ocrx_word' id='word_1_421' title='bbox 643 5363 720 5415; x_wconf 87' lang='lat' dir='ltr'>cuins</span> <span class='ocrx_word' id='word_1_422' title='bbox 737 5385 771 5398; x_wconf 90' lang='lat'>-</span> <span class='ocrx_word' id='word_1_423' title='bbox 789 5368 873 5414; x_wconf 82' lang='lat' dir='ltr'>serto.</span> <span class='ocrx_word' id='word_1_424' title='bbox 907 5361 1157 5426; x_wconf 67' lang='lat' dir='ltr'>maurusam.</span> 
     </span>
    </p>
   </div>
   <div class='ocr_carea' id='block_1_7' title="bbox 183 5494 1747 5561">
    <p class='ocr_par' dir='ltr' id='par_1_9' title="bbox 183 5494 1747 5561">
     <span class='ocr_line' id='line_1_37' title="bbox 183 5494 1747 5561; baseline 0.001 -15"><span class='ocrx_word' id='word_1_425' title='bbox 183 5494 348 5561; x_wconf 73' lang='lat' dir='ltr'>Abtbcllnnq</span> <span class='ocrx_word' id='word_1_426' title='bbox 362 5498 395 5549; x_wconf 87' lang='lat' dir='ltr'>tl.</span> <span class='ocrx_word' id='word_1_427' title='bbox 1731 5494 1747 5548; x_wconf 88' lang='grc'><strong>7</strong></span> 
     </span>
    </p>
   </div>
   <div class='ocr_carea' id='block_1_8' title="bbox 0 0 2379 6324">
    <p class='ocr_par' dir='ltr' id='par_1_10' title="bbox 0 0 2379 6324">
     <span class='ocr_line' id='line_1_38' title="bbox 0 0 2379 6324; baseline 0 0"><span class='ocrx_word' id='word_1_428' title='bbox 0 0 2379 6324; x_wconf 95' lang='lat' dir='ltr'> </span> 
     </span>
    </p>
   </div>
  </div>
 </body>
</html>
