4702 6346
400 627 458 710 14
843 724 846 735 .
881 618 990 692 aare.
1016 657 1067 672 -
1095 615 1205 714 leae,
1231 621 1350 694 remu
1375 616 1435 697 ro.
1461 655 1511 672 -
1539 614 1649 714 reae,
1674 621 1757 694 run.

400 927 569 1014 XXIX
599 931 805 1035 Aoaenpeo
826 929 896 1008 der
915 927 1196 1010 baccinorum
1213 926 1309 1007 iiber
1325 925 1389 1008 die
1404 922 1674 1030 Beeiebunpoo
1694 926 1767 1008 der
1781 925 2003 1008 Dcolaobou
2022 931 2065 1006 itt
2079 925 2230 1006 bordon

989 1107 1038 1161 ao
1063 1082 1150 1162 dem
1171 1079 1479 1184 Biecltosaibore.
1533 1078 1649 1162 1275.

971 1260 1097 1330 ctetica
1121 1259 1274 1330 Londoo.
1297 1257 1465 1329 Edroordi
1482 1257 1512 1328 1.
1535 1281 1615 1328 ooo.
1634 1256 1671 1328 3.

943 1379 1144 1449 Vertdietuor
1169 1378 1281 1447 morde
1318 1378 1479 1446 Wolmort'
1511 1376 1549 1446 de
1578 1375 1703 1446 Erato.

554 1502 627 1565 ltern
651 1501 741 1564 iurati
764 1499 878 1577 dicunt,
899 1501 981 1580 quod
1003 1499 1183 1566 Teutonicbi
1205 1508 1277 1564 sunt
1297 1500 1384 1563 liberi
1407 1499 1439 1563 in
1466 1499 1586 1562 ciuitate
1612 1500 1690 1564 sicut
1718 1507 1748 1564 et
1774 1501 1853 1564 cives
1882 1498 2034 1576 domem
2064 1515 2121 1580 pro
2152 1507 2232 1579 porta
2323 1562 2326 1574 ,

401 1639 459 1704 que
482 1628 607 1685 vocatur
628 1619 851 1704 Bissopesgate,
874 1636 966 1697 quam
988 1620 1159 1699 sumptibus
1182 1620 1241 1697 ipsi
1264 1634 1369 1681 eorum
1391 1618 1422 1679 in
1445 1616 1526 1680 bono
1548 1625 1627 1681 stato
1651 1626 1682 1681 et
1702 1619 1883 1698 competenti
1902 1625 2070 1682 sustentare
2087 1616 2233 1682 deberent

401 1739 439 1802 lli
460 1737 553 1803 nichil
574 1737 689 1802 iaciunt
710 1738 748 1801 ad
772 1738 936 1801 maximum
959 1737 1125 1816 dampnum
1148 1745 1178 1799 et
1198 1735 1330 1799 dedecus
1350 1735 1465 1797 domini
1486 1734 1578 1818 Regis
1600 1743 1630 1798 et
1651 1737 1790 1800 ciuitatis.
1807 1737 1841 1815 ι)

555 1857 706 1938 (durati)
728 1856 802 1920 {tem
824 1855 928 1920 dictur
949 1855 1030 1935 quod
1052 1855 1210 1919 Teutonici
1233 1854 1464 1920 non-sustinent
1485 1861 1606 1935 portam
1628 1869 1707 1936 quae
1729 1863 1855 1918 uocetur
1874 1853 2127 1942 Rissbopesgate,
2150 1871 2233 1934 quam

402 1977 479 2040 bene
503 1983 672 2042 sustentare
694 1952 847 2051 deberent,
871 1991 928 2054 pro
951 1991 1011 2054 qua
1034 1973 1122 2036 liberi
1145 1981 1215 2036 sunt
1236 1975 1266 2036 in
1289 1973 1418 2051 civitate,
1441 1972 1480 2036 ad
1503 1989 1595 2056 gram
1615 1972 1782 2055 dampnum
1805 1975 1944 2038 civitatis.
1958 1974 1996 2052 ⁹)

1066 2088 1192 2156 Wardo
1216 2085 1371 2178 Philippi
1393 2087 1422 2154 le
1449 2087 1588 2156 Toillur.

555 2213 627 2275 ltern
651 2213 760 2290 (iurati
782 2210 909 2288 dicunt)
932 2217 1020 2288 porte
1042 2207 1080 2272 tle
1102 2208 1352 2292 Bissbopesgate,
1381 2225 1471 2288 quam
1500 2217 1605 2292 gentes
1627 2209 1782 2273 Danomm
1805 2211 1970 2290 antiquitus
1992 2211 2132 2274 solebant
2153 2211 2235 2274 susti·

402 2347 475 2396 nere
496 2339 524 2394 et
546 2330 695 2394 debebant
716 2346 774 2407 pro
798 2328 934 2394 libertate
957 2344 1048 2408 quam
1071 2327 1223 2392 habebant
1244 2330 1276 2392 in
1299 2329 1417 2392 ciuitate
1439 2326 1579 2404 London,
1607 2343 1686 2392 nuno
1708 2343 1764 2407 per
1785 2327 1936 2392 delectum
1956 2329 2095 2408 ipsorum
2119 2327 2165 2391 ret
2188 2344 2235 2408 po

402 2451 461 2514 tius
484 2448 666 2514 ballivorum
687 2449 816 2514 civitatis
838 2446 901 2510 lere
924 2447 1076 2510 corruitur
1096 2445 1136 2510 ad
1158 2456 1270 2511 terram
1293 2445 1330 2510 ad
1355 2461 1497 2528 magnum
1520 2446 1688 2526 periculum
1709 2447 1848 2511 civitatis.
1862 2447 1899 2524 ³)

402 2671 549 2754 XXX.
581 2672 704 2777 Kdoip
718 2671 898 2776 Redolpb
918 2670 1134 2752 ommeodci
1155 2671 1242 2751 eicb
1265 2672 1361 2752 dmm
1383 2671 1530 2776 Kbroipe
1548 2671 1721 2752 noceo
1735 2672 1763 2753 1.
1776 2671 1846 2777 'sdr
1864 2678 1927 2752 edo
1945 2673 2007 2753 bei
2020 2671 2237 2774 Blnkeoepe

463 2825 754 2931 potiendum,
785 2849 857 2904 ooo
876 2823 1100 2904 thbeodertt
1115 2825 1198 2903 uod
1213 2823 1399 2904 Auderem
1425 2822 1692 2927 bcsrooltieies
1713 2825 2030 2929 bnmbttrpiaobea
2047 2825 2183 2929 Sebiffi

1057 2980 1065 2994 '
1096 2975 1218 3078 1282,
1250 2979 1404 3058 Jonoor
1420 2977 1490 3056 20.
1511 2971 1549 3080 ⁴)

556 3161 716 3242 Magnibco
738 3161 881 3240 principi,
903 3157 1027 3222 domino
1043 3156 1209 3235 Eduardo,
1231 3160 1297 3242 regi
1309 3157 1429 3242 buglie,
1452 3160 1550 3222 amico
1572 3175 1629 3224 sno
1651 3161 1818 3238 carissimo,
1840 3161 1970 3242 gratiam
1993 3175 2080 3224 sunm
2104 3171 2135 3226 et
2156 3177 2238 3226 omne
2348 3179 2349 3182 ¹

402 3281 527 3344 bonum.
572 3275 648 3342 Cum
671 3278 800 3357 quedam
824 3279 909 3340 naris
930 3275 968 3340 de
990 3269 1163 3340 {lemburch
1185 3277 1267 3342 dieta
1289 3276 1441 3356 Cremuti,
1478 3279 1510 3342 in
1532 3294 1593 3357 quo
1616 3278 1695 3342 bona
1725 3278 1834 3343 civium
1865 3287 2039 3344 nostrorum
2060 3276 2238 3344 Lubecensir

402 3395 511 3479 (rici)
533 3405 561 3461 et
583 3397 713 3462 aliorum
737 3405 938 3460 mercatorum
962 3397 1048 3478 regni
1070 3395 1247 3461 alemannie
1269 3396 1473 3474 ducebantur,
1501 3397 1584 3476 apud
1606 3396 1749 3478 Angliam
1769 3397 1850 3462 circa
1872 3396 1974 3460 locum
1995 3400 2048 3476 qui
2071 3397 2239 3479 blakenepe

403 3516 586 3599 appellatur,
611 3517 649 3578 sit
672 3531 762 3595 passa
786 3512 991 3595 naufragium,
1014 3522 1043 3578 et
1065 3514 1155 3578 iidem
1179 3516 1259 3578 cives
1281 3524 1313 3578 et
1332 3523 1517 3580 mercatores
1540 3516 1578 3579 ab
1600 3515 1723 3580 illarum
1746 3525 1895 3580 terrarum
1917 3517 2026 3580 ineolis
2048 3517 2106 3580 sibi
2121 3519 2239 3582 timeant

403 3637 433 3697 in
457 3636 543 3698 bonis
565 3635 628 3697 suis
651 3633 844 3712 dispendium
867 3634 1015 3716 irrogari:
1038 3633 1228 3696 serenitatem
1252 3639 1381 3696 vestram
1404 3648 1552 3716 rogamus
1573 3633 1750 3711 plenissimo
1772 3651 1841 3700 enm
1863 3635 1984 3718 allecta,
2007 3643 2158 3714 unaoenus
2174 3653 2239 3715 pre·

403 3754 491 3817 dictis
513 3761 615 3816 nostre
636 3751 809 3815 dilectionis
832 3753 941 3814 intuitu
964 3751 1128 3832 dignemini
1150 3767 1328 3829 precavere,
1362 3769 1399 3814 ne
1421 3754 1452 3814 in
1474 3753 1563 3816 dictis
1589 3753 1678 3816 bonis
1704 3751 1829 3832 aliquod
1855 3753 2048 3834 dispendium
2078 3757 2238 3834 patiantur,

403 3889 497 3936 neone
518 3871 600 3950 qnod
623 3871 737 3936 eisdem
760 3869 882 3934 afflictis
903 3869 977 3934 satis
999 3867 1065 3932 dire
1087 3885 1277 3949 nequaquam
1300 3867 1424 3932 aliliotio
1446 3870 1543 3934 dirior
1564 3869 1727 3953 inligetur.
1772 3869 1848 3934 Data
1870 3870 2080 3952 Oppenbeim,
2104 3875 2160 3937 xiii
2182 3873 2240 3936 lrnl.

405 3990 571 4054 Februarii.
593 3987 688 4070 Regni
711 3989 805 4052 nostri
827 4003 907 4050 enno
930 4004 1021 4051 nono.

609 4105 769 4187 Magniflco
791 4107 922 4186 principi
944 4105 1067 4170 domino
1089 4103 1253 4183 Eduardo,
1278 4107 1341 4187 regi
1365 4104 1532 4188 bogiorum
1555 4106 1677 4184 illustri,
1699 4110 1798 4172 amico
1820 4118 1924 4174 nostro
1946 4110 2114 4174 carissimo.

403 4328 573 4412 XXXI.
619 4331 835 4435 Beilepoop
866 4332 939 4410 dcc
970 4329 1133 4410 Zroiems
1167 4329 1356 4410 amaedeo
1387 4331 1463 4412 dere
1491 4329 1723 4432 Kcofleuten
1760 4333 1831 4414 der
1862 4334 2077 4416 deetecbeo
2106 4335 2240 4414 Horae

447 4491 489 4562 io
505 4483 665 4563 London
694 4482 776 4561 ond
807 4483 936 4562 diener
952 4479 1072 4562 secut
1101 4507 1231 4587 coegere
1262 4484 1334 4563 deo
1364 4483 1509 4564 l'boreo
1527 4483 1824 4589 Biebopcepote.
1885 4485 2008 4588 1282,
2039 4489 2142 4568 lorti
2164 4486 2200 4590 ⁵)

559 4663 646 4726 luno
670 4663 756 4746 regni
779 4661 869 4744 llegis
892 4661 1052 4740 Edwardi,
1092 4663 1144 4726 filii
1168 4665 1247 4748 regis
1270 4663 1404 4742 ilenrici,
1440 4665 1555 4729 decimo
1578 4667 1723 4729 existente
1745 4665 1873 4730 ilenrico
1897 4667 1925 4731 le
1947 4667 2092 4750 Waleys,
2128 4673 2240 4732 maiore

404 4781 558 4860 London.,
581 4798 649 4845 cum
672 4789 798 4863 propter
820 4782 938 4844 ruinam
961 4789 1049 4860 porte
1072 4783 1229 4847 cuiusdam
1252 4784 1383 4846 ciuitatis
1406 4785 1540 4863 predicte
1563 4792 1727 4848 verteretur
1755 4788 1911 4850 contencio
1939 4805 1975 4850 ex
2004 4797 2090 4866 parte
2118 4807 2193 4864 una,
2214 4795 2242 4850 et

406 4927 709 4942 m-

561 5016 585 5082 ¹)
612 5017 671 5068 Ans
689 5017 779 5070 Rotnll
799 5019 1013 5071 llnndredornm.
1032 5019 1063 5070 Τ.
1075 5021 1095 5070 Ι.
1116 5034 1140 5085 p.
1153 5019 1213 5074 lto.
1377 5019 1403 5088 ²)
1429 5021 1597 5074 Ebendabar.
1616 5019 1742 5087 pulso.
1905 5023 1931 5090 ³)
1958 5025 2122 5088 libendaber.
2142 5039 2169 5088 p.
2185 5021 2241 5077 431.

560 5118 585 5185 ⁴)
612 5116 670 5170 Ans
689 5118 849 5184 Engliseban
869 5120 1002 5173 Arcbiren
1028 5122 1099 5174 elnst
1116 5122 1203 5176 lieren
1221 5123 1266 5176 Dr.
1285 5125 1398 5176 Bobnwr
1415 5125 1579 5187 mitgetbettt.
1614 5125 1642 5178 S.
1662 5127 1759 5178 dessen
1778 5127 1921 5190 liegosten.
1945 5123 2123 5180 tado-1313.
2140 5127 2170 5180 S.
2184 5124 2242 5180 aab.

405 5307 426 5358 ⁰
469 5308 476 5357 i
514 5306 521 5355 Ι
559 5219 586 5286 ⁵)
613 5221 965 5276 UrkundiicbeGeeeblcbta
984 5225 1031 5278 dee
1049 5225 1202 5289 llrsprengs
1221 5227 1267 5278 der
1285 5227 1429 5281 deutschen
1448 5227 1548 5283 flante·
1567 5229 1660 5280 Tbll.
1679 5242 1702 5280 a.
1720 5229 1786 5281 nreb
1806 5229 2035 5294 deminb'n'becb
2053 5231 2241 5282 rorbndenen

429 5308 546 5370 rigore.
