<?xml version="1.0" encoding="UTF-8"?>
<!DOCTYPE html PUBLIC "-//W3C//DTD XHTML 1.0 Transitional//EN"
    "http://www.w3.org/TR/xhtml1/DTD/xhtml1-transitional.dtd">
<html xmlns="http://www.w3.org/1999/xhtml" xml:lang="en" lang="en">
 <head>
  <title>
</title>
<meta http-equiv="Content-Type" content="text/html;charset=utf-8" />
  <meta name='ocr-system' content='tesseract 3.04.00' />
  <meta name='ocr-capabilities' content='ocr_page ocr_carea ocr_par ocr_line ocrx_word'/>
</head>
<body>
  <div class='ocr_page' id='page_1' title='image "./urkundlichegesc01lappgoog/urkundlichegesc01lappgoog_0260.png"; bbox 0 0 4716 6330; ppageno 0'>
   <div class='ocr_carea' id='block_1_1' title="bbox 428 647 1529 743">
    <p class='ocr_par' dir='ltr' id='par_1_1' title="bbox 428 647 1529 743">
     <span class='ocr_line' id='line_1_1' title="bbox 428 647 1529 743; baseline 0.001 -24"><span class='ocrx_word' id='word_1_1' title='bbox 428 653 488 734; x_wconf 86' lang='grc'><strong>64</strong></span> <span class='ocrx_word' id='word_1_2' title='bbox 1164 647 1274 743; x_wconf 77' lang='lat' dir='ltr'><strong>lull,</strong></span> <span class='ocrx_word' id='word_1_3' title='bbox 1299 649 1443 726; x_wconf 82' lang='lat' dir='ltr'><strong>Februur</strong></span> <span class='ocrx_word' id='word_1_4' title='bbox 1469 647 1529 722; x_wconf 80' lang='lat'><strong>2⁰.</strong></span> 
     </span>
    </p>
   </div>
   <div class='ocr_carea' id='block_1_2' title="bbox 424 919 2350 4100">
    <p class='ocr_par' dir='ltr' id='par_1_2' title="bbox 424 919 2350 3857">
     <span class='ocr_line' id='line_1_2' title="bbox 428 919 2350 1020; baseline 0.001 -19"><span class='ocrx_word' id='word_1_5' title='bbox 428 939 505 1002; x_wconf 89' lang='lat' dir='ltr'><strong>bora</strong></span> <span class='ocrx_word' id='word_1_6' title='bbox 528 952 689 1004; x_wconf 84' lang='lat' dir='ltr'><strong>causarum</strong></span> <span class='ocrx_word' id='word_1_7' title='bbox 711 943 854 1002; x_wconf 86' lang='lat' dir='ltr'><strong>consueta</strong></span> <span class='ocrx_word' id='word_1_8' title='bbox 877 949 935 1018; x_wconf 91' lang='lat' dir='ltr'><strong>pro</strong></span> <span class='ocrx_word' id='word_1_9' title='bbox 957 933 1101 1000; x_wconf 86' lang='lat' dir='ltr'><strong>tribunali</strong></span> <span class='ocrx_word' id='word_1_10' title='bbox 1123 931 1262 1011; x_wconf 76' lang='lat' dir='ltr'>sedente,</span> <span class='ocrx_word' id='word_1_11' title='bbox 1298 933 1545 1016; x_wconf 70' lang='lat' dir='ltr'><strong>comparentibus</strong></span> <span class='ocrx_word' id='word_1_12' title='bbox 1566 935 1598 996; x_wconf 93' lang='lat' dir='ltr'><strong>in</strong></span> <span class='ocrx_word' id='word_1_13' title='bbox 1619 933 1732 1000; x_wconf 90' lang='lat' dir='ltr'><strong>indicio</strong></span> <span class='ocrx_word' id='word_1_14' title='bbox 1754 935 1909 1018; x_wconf 78' lang='lat' dir='ltr'><strong>magistris</strong></span> <span class='ocrx_word' id='word_1_15' title='bbox 1932 933 2065 1000; x_wconf 79' lang='lat' dir='ltr'><strong>lieberto</strong></span> <span class='ocrx_word' id='word_1_16' title='bbox 2086 935 2174 1015; x_wconf 83' lang='lat' dir='ltr'><strong>Keut,</strong></span> <span class='ocrx_word' id='word_1_17' title='bbox 2195 955 2255 1020; x_wconf 83' lang='lat' dir='ltr'><strong>pro</strong></span> <span class='ocrx_word' id='word_1_18' title='bbox 2349 919 2350 928; x_wconf 37' lang='lat'>¹</span> 
     </span>
     <span class='ocr_line' id='line_1_3' title="bbox 429 1052 2350 1138; baseline 0.001 -18"><span class='ocrx_word' id='word_1_19' title='bbox 429 1065 579 1135; x_wconf 75' lang='lat' dir='ltr'>curatore,</span> <span class='ocrx_word' id='word_1_20' title='bbox 595 1055 738 1138; x_wconf 86' lang='lat' dir='ltr'><strong>predicto</strong></span> <span class='ocrx_word' id='word_1_21' title='bbox 760 1055 972 1136; x_wconf 75' lang='lat' dir='ltr'><strong>procuratorio</strong></span> <span class='ocrx_word' id='word_1_22' title='bbox 994 1055 1125 1130; x_wconf 89' lang='lat' dir='ltr'><strong>nomine,</strong></span> <span class='ocrx_word' id='word_1_23' title='bbox 1148 1069 1209 1132; x_wconf 83' lang='lat' dir='ltr'><strong>quo</strong></span> <span class='ocrx_word' id='word_1_24' title='bbox 1231 1069 1335 1132; x_wconf 91' lang='lat' dir='ltr'><strong>supra,</strong></span> <span class='ocrx_word' id='word_1_25' title='bbox 1358 1061 1505 1132; x_wconf 83' lang='lat' dir='ltr'><strong>exparte</strong></span> <span class='ocrx_word' id='word_1_26' title='bbox 1528 1069 1596 1129; x_wconf 86' lang='lat' dir='ltr'><strong>otta,</strong></span> <span class='ocrx_word' id='word_1_27' title='bbox 1617 1059 1648 1116; x_wconf 89' lang='lat' dir='ltr'><strong>et</strong></span> <span class='ocrx_word' id='word_1_28' title='bbox 1667 1052 1805 1118; x_wconf 79' lang='lat' dir='ltr'><strong>iohanne</strong></span> <span class='ocrx_word' id='word_1_29' title='bbox 1824 1052 1932 1130; x_wconf 82' lang='lat' dir='ltr'><strong>Lcrde,</strong></span> <span class='ocrx_word' id='word_1_30' title='bbox 1955 1065 2156 1134; x_wconf 71' lang='lat' dir='ltr'><strong>procuratore</strong></span> <span class='ocrx_word' id='word_1_31' title='bbox 2171 1057 2256 1122; x_wconf 91' lang='lat' dir='ltr'><strong>bono-</strong></span> <span class='ocrx_word' id='word_1_32' title='bbox 2348 1053 2350 1080; x_wconf 86' lang='lat'><strong>¹</strong></span> 
     </span>
     <span class='ocr_line' id='line_1_4' title="bbox 429 1170 2257 1254; baseline 0.002 -16"><span class='ocrx_word' id='word_1_33' title='bbox 429 1176 535 1240; x_wconf 91' lang='lat' dir='ltr'><strong>rabilis</strong></span> <span class='ocrx_word' id='word_1_34' title='bbox 558 1176 626 1252; x_wconf 89' lang='lat' dir='ltr'><strong>viri,</strong></span> <span class='ocrx_word' id='word_1_35' title='bbox 648 1173 868 1240; x_wconf 72' lang='lat' dir='ltr'><strong>dominipetri</strong></span> <span class='ocrx_word' id='word_1_36' title='bbox 893 1171 1040 1254; x_wconf 80' lang='lat' dir='ltr'><strong>Vyncent,</strong></span> <span class='ocrx_word' id='word_1_37' title='bbox 1062 1172 1178 1249; x_wconf 90' lang='lat' dir='ltr'><strong>militis,</strong></span> <span class='ocrx_word' id='word_1_38' title='bbox 1201 1181 1231 1237; x_wconf 88' lang='lat' dir='ltr'><strong>et</strong></span> <span class='ocrx_word' id='word_1_39' title='bbox 1252 1170 1406 1249; x_wconf 86' lang='lat' dir='ltr'><strong>llucnce,</strong></span> <span class='ocrx_word' id='word_1_40' title='bbox 1428 1173 1531 1236; x_wconf 77' lang='lat' dir='ltr'><strong>moris</strong></span> <span class='ocrx_word' id='word_1_41' title='bbox 1553 1171 1699 1249; x_wconf 87' lang='lat' dir='ltr'><strong>eiusdem,</strong></span> <span class='ocrx_word' id='word_1_42' title='bbox 1721 1179 1814 1253; x_wconf 91' lang='lat' dir='ltr'><strong>prout</strong></span> <span class='ocrx_word' id='word_1_43' title='bbox 1833 1176 1865 1235; x_wconf 91' lang='lat' dir='ltr'><strong>in</strong></span> <span class='ocrx_word' id='word_1_44' title='bbox 1887 1175 2099 1253; x_wconf 75' lang='lat' dir='ltr'><strong>procuratorio</strong></span> <span class='ocrx_word' id='word_1_45' title='bbox 2122 1191 2177 1238; x_wconf 88' lang='lat' dir='ltr'><strong>suo</strong></span> <span class='ocrx_word' id='word_1_46' title='bbox 2196 1176 2257 1241; x_wconf 88' lang='lat' dir='ltr'><strong>inde</strong></span> 
     </span>
     <span class='ocr_line' id='line_1_5' title="bbox 428 1290 2257 1374; baseline 0 -16"><span class='ocrx_word' id='word_1_47' title='bbox 428 1293 565 1359; x_wconf 87' lang='lat' dir='ltr'><strong>coniecto</strong></span> <span class='ocrx_word' id='word_1_48' title='bbox 595 1302 624 1358; x_wconf 89' lang='lat' dir='ltr'><strong>et</strong></span> <span class='ocrx_word' id='word_1_49' title='bbox 650 1309 742 1373; x_wconf 89' lang='lat' dir='ltr'><strong>penes</strong></span> <span class='ocrx_word' id='word_1_50' title='bbox 764 1294 927 1374; x_wconf 80' lang='lat' dir='ltr'><strong>registrum</strong></span> <span class='ocrx_word' id='word_1_51' title='bbox 949 1291 1028 1354; x_wconf 89' lang='lat' dir='ltr'><strong>dicte</strong></span> <span class='ocrx_word' id='word_1_52' title='bbox 1049 1291 1132 1354; x_wconf 91' lang='lat' dir='ltr'><strong>curie</strong></span> <span class='ocrx_word' id='word_1_53' title='bbox 1154 1290 1297 1354; x_wconf 85' lang='lat' dir='ltr'><strong>existente</strong></span> <span class='ocrx_word' id='word_1_54' title='bbox 1320 1290 1435 1369; x_wconf 84' lang='lat' dir='ltr'><strong>liquere</strong></span> <span class='ocrx_word' id='word_1_55' title='bbox 1457 1291 1567 1371; x_wconf 90' lang='lat' dir='ltr'><strong>poterit</strong></span> <span class='ocrx_word' id='word_1_56' title='bbox 1589 1290 1759 1368; x_wconf 89' lang='lat' dir='ltr'><strong>euidenter,</strong></span> <span class='ocrx_word' id='word_1_57' title='bbox 1782 1299 1869 1372; x_wconf 89' lang='lat' dir='ltr'><strong>parte</strong></span> <span class='ocrx_word' id='word_1_58' title='bbox 1891 1309 1929 1355; x_wconf 84' lang='lat' dir='ltr'><strong>cx</strong></span> <span class='ocrx_word' id='word_1_59' title='bbox 1951 1292 2064 1370; x_wconf 88' lang='lat' dir='ltr'><strong>altera,</strong></span> <span class='ocrx_word' id='word_1_60' title='bbox 2099 1297 2257 1372; x_wconf 79' lang='lat' dir='ltr'><strong>comparuit</strong></span> 
     </span>
     <span class='ocr_line' id='line_1_6' title="bbox 427 1407 2257 1497; baseline 0.001 -21"><span class='ocrx_word' id='word_1_61' title='bbox 427 1411 564 1493; x_wconf 82' lang='lat' dir='ltr'><strong>prelatus</strong></span> <span class='ocrx_word' id='word_1_62' title='bbox 586 1414 732 1497; x_wconf 88' lang='lat' dir='ltr'><strong>magister</strong></span> <span class='ocrx_word' id='word_1_63' title='bbox 752 1411 860 1476; x_wconf 89' lang='lat' dir='ltr'><strong>Petms</strong></span> <span class='ocrx_word' id='word_1_64' title='bbox 882 1407 1036 1488; x_wconf 83' lang='lat' dir='ltr'><strong>Cherebc,</strong></span> <span class='ocrx_word' id='word_1_65' title='bbox 1066 1410 1218 1486; x_wconf 88' lang='lat' dir='ltr'><strong>notarius,</strong></span> <span class='ocrx_word' id='word_1_66' title='bbox 1248 1425 1285 1472; x_wconf 91' lang='lat' dir='ltr'><strong>ac</strong></span> <span class='ocrx_word' id='word_1_67' title='bbox 1307 1409 1459 1486; x_wconf 82' lang='lat' dir='ltr'><strong>exhibuit,</strong></span> <span class='ocrx_word' id='word_1_68' title='bbox 1489 1410 1675 1488; x_wconf 88' lang='lat' dir='ltr'><strong>presentauit</strong></span> <span class='ocrx_word' id='word_1_69' title='bbox 1703 1415 1732 1472; x_wconf 88' lang='lat' dir='ltr'><strong>et</strong></span> <span class='ocrx_word' id='word_1_70' title='bbox 1753 1410 1883 1474; x_wconf 84' lang='lat' dir='ltr'><strong>ostendit</strong></span> <span class='ocrx_word' id='word_1_71' title='bbox 1904 1411 2058 1492; x_wconf 85' lang='lat' dir='ltr'><strong>quandam</strong></span> <span class='ocrx_word' id='word_1_72' title='bbox 2080 1421 2182 1476; x_wconf 85' lang='lat' dir='ltr'><strong>notam</strong></span> <span class='ocrx_word' id='word_1_73' title='bbox 2203 1416 2257 1478; x_wconf 89' lang='lat' dir='ltr'><strong>siue</strong></span> 
     </span>
     <span class='ocr_line' id='line_1_7' title="bbox 426 1528 2257 1612; baseline -0.001 -17"><span class='ocrx_word' id='word_1_74' title='bbox 426 1532 578 1610; x_wconf 83' lang='lat' dir='ltr'><strong>quoddam</strong></span> <span class='ocrx_word' id='word_1_75' title='bbox 601 1530 827 1612; x_wconf 90' lang='lat' dir='ltr'><strong>protbccollum</strong></span> <span class='ocrx_word' id='word_1_76' title='bbox 849 1545 937 1593; x_wconf 87' lang='lat' dir='ltr'><strong>suum</strong></span> <span class='ocrx_word' id='word_1_77' title='bbox 960 1529 990 1590; x_wconf 93' lang='lat' dir='ltr'><strong>in</strong></span> <span class='ocrx_word' id='word_1_78' title='bbox 1012 1528 1145 1606; x_wconf 85' lang='lat' dir='ltr'><strong>quodam</strong></span> <span class='ocrx_word' id='word_1_79' title='bbox 1168 1534 1315 1607; x_wconf 80' lang='lat' dir='ltr'><strong>quaterno</strong></span> <span class='ocrx_word' id='word_1_80' title='bbox 1337 1530 1465 1608; x_wconf 89' lang='lat' dir='ltr'><strong>papireo</strong></span> <span class='ocrx_word' id='word_1_81' title='bbox 1488 1543 1578 1591; x_wconf 92' lang='lat' dir='ltr'><strong>manu</strong></span> <span class='ocrx_word' id='word_1_82' title='bbox 1601 1543 1666 1606; x_wconf 88' lang='lat' dir='ltr'><strong>sua,</strong></span> <span class='ocrx_word' id='word_1_83' title='bbox 1690 1535 1720 1590; x_wconf 86' lang='lat' dir='ltr'><strong>rt</strong></span> <span class='ocrx_word' id='word_1_84' title='bbox 1742 1531 1882 1610; x_wconf 89' lang='lat' dir='ltr'><strong>apparuit</strong></span> <span class='ocrx_word' id='word_1_85' title='bbox 1905 1538 1934 1592; x_wconf 89' lang='lat' dir='ltr'><strong>et</strong></span> <span class='ocrx_word' id='word_1_86' title='bbox 1951 1531 2017 1610; x_wconf 91' lang='lat' dir='ltr'><strong>ipse</strong></span> <span class='ocrx_word' id='word_1_87' title='bbox 2034 1533 2176 1609; x_wconf 90' lang='lat' dir='ltr'><strong>asseruit,</strong></span> <span class='ocrx_word' id='word_1_88' title='bbox 2198 1541 2257 1596; x_wconf 91' lang='lat' dir='ltr'><strong>tnnc</strong></span> 
     </span>
     <span class='ocr_line' id='line_1_8' title="bbox 427 1645 2257 1731; baseline 0.001 -18"><span class='ocrx_word' id='word_1_89' title='bbox 427 1648 539 1714; x_wconf 82' lang='lat' dir='ltr'><strong>ibidem</strong></span> <span class='ocrx_word' id='word_1_90' title='bbox 563 1650 720 1731; x_wconf 90' lang='lat' dir='ltr'><strong>seriptum,</strong></span> <span class='ocrx_word' id='word_1_91' title='bbox 743 1650 856 1713; x_wconf 88' lang='lat' dir='ltr'><strong>tenoris</strong></span> <span class='ocrx_word' id='word_1_92' title='bbox 878 1645 1062 1725; x_wconf 82' lang='lat' dir='ltr'><strong>infrascripti</strong></span> <span class='ocrx_word' id='word_1_93' title='bbox 1085 1655 1116 1708; x_wconf 85' lang='lat' dir='ltr'><strong>rt</strong></span> <span class='ocrx_word' id='word_1_94' title='bbox 1138 1647 1284 1723; x_wconf 88' lang='lat' dir='ltr'><strong>asseruit,</strong></span> <span class='ocrx_word' id='word_1_95' title='bbox 1307 1653 1337 1708; x_wconf 92' lang='lat' dir='ltr'><strong>et</strong></span> <span class='ocrx_word' id='word_1_96' title='bbox 1357 1646 1449 1709; x_wconf 80' lang='lat' dir='ltr'><strong>dixit:</strong></span> <span class='ocrx_word' id='word_1_97' title='bbox 1480 1645 1561 1725; x_wconf 81' lang='lat' dir='ltr'><strong>quod</strong></span> <span class='ocrx_word' id='word_1_98' title='bbox 1583 1655 1710 1724; x_wconf 85' lang='lat' dir='ltr'><strong>propter</strong></span> <span class='ocrx_word' id='word_1_99' title='bbox 1730 1647 1864 1725; x_wconf 90' lang='lat' dir='ltr'><strong>senium,</strong></span> <span class='ocrx_word' id='word_1_100' title='bbox 1887 1647 2092 1713; x_wconf 80' lang='lat' dir='ltr'><strong>infirmitatem</strong></span> <span class='ocrx_word' id='word_1_101' title='bbox 2115 1659 2144 1713; x_wconf 93' lang='lat' dir='ltr'><strong>et</strong></span> <span class='ocrx_word' id='word_1_102' title='bbox 2165 1651 2257 1714; x_wconf 89' lang='lat' dir='ltr'><strong>debil-</strong></span> 
     </span>
     <span class='ocr_line' id='line_1_9' title="bbox 427 1763 2256 1849; baseline -0.001 -16"><span class='ocrx_word' id='word_1_103' title='bbox 427 1777 520 1834; x_wconf 88' lang='lat' dir='ltr'><strong>tatem</strong></span> <span class='ocrx_word' id='word_1_104' title='bbox 543 1771 682 1847; x_wconf 90' lang='lat' dir='ltr'><strong>corporis</strong></span> <span class='ocrx_word' id='word_1_105' title='bbox 712 1769 758 1831; x_wconf 93' lang='lat' dir='ltr'><strong>sui</strong></span> <span class='ocrx_word' id='word_1_106' title='bbox 781 1783 841 1830; x_wconf 93' lang='lat' dir='ltr'><strong>non</strong></span> <span class='ocrx_word' id='word_1_107' title='bbox 864 1767 961 1846; x_wconf 89' lang='lat' dir='ltr'><strong>potuit</strong></span> <span class='ocrx_word' id='word_1_108' title='bbox 990 1763 1099 1828; x_wconf 82' lang='lat' dir='ltr'><strong>exinde</strong></span> <span class='ocrx_word' id='word_1_109' title='bbox 1126 1765 1359 1832; x_wconf 77' lang='lat' dir='ltr'><strong>instrumentum</strong></span> <span class='ocrx_word' id='word_1_110' title='bbox 1389 1765 1544 1843; x_wconf 89' lang='lat' dir='ltr'><strong>publicum</strong></span> <span class='ocrx_word' id='word_1_111' title='bbox 1574 1764 1738 1842; x_wconf 85' lang='lat' dir='ltr'><strong>conticere,</strong></span> <span class='ocrx_word' id='word_1_112' title='bbox 1771 1765 1904 1830; x_wconf 84' lang='lat' dir='ltr'><strong>scribere</strong></span> <span class='ocrx_word' id='word_1_113' title='bbox 1931 1775 1962 1829; x_wconf 89' lang='lat' dir='ltr'><strong>et</strong></span> <span class='ocrx_word' id='word_1_114' title='bbox 1989 1768 2125 1849; x_wconf 75' lang='lat' dir='ltr'><strong>dgnare.</strong></span> <span class='ocrx_word' id='word_1_115' title='bbox 2169 1766 2256 1848; x_wconf 83' lang='lat' dir='ltr'><strong>Quen</strong></span> 
     </span>
     <span class='ocr_line' id='line_1_10' title="bbox 427 1881 2256 1967; baseline 0.001 -16"><span class='ocrx_word' id='word_1_116' title='bbox 427 1887 549 1967; x_wconf 85' lang='lat' dir='ltr'><strong>quidem</strong></span> <span class='ocrx_word' id='word_1_117' title='bbox 572 1894 674 1951; x_wconf 80' lang='lat' dir='ltr'><strong>noum</strong></span> <span class='ocrx_word' id='word_1_118' title='bbox 698 1887 763 1948; x_wconf 91' lang='lat' dir='ltr'><strong>siue</strong></span> <span class='ocrx_word' id='word_1_119' title='bbox 784 1884 1008 1964; x_wconf 86' lang='lat' dir='ltr'><strong>promocollum</strong></span> <span class='ocrx_word' id='word_1_120' title='bbox 1031 1885 1175 1965; x_wconf 89' lang='lat' dir='ltr'><strong>magister</strong></span> <span class='ocrx_word' id='word_1_121' title='bbox 1195 1882 1345 1946; x_wconf 83' lang='lat' dir='ltr'><strong>liebertus</strong></span> <span class='ocrx_word' id='word_1_122' title='bbox 1367 1881 1457 1958; x_wconf 87' lang='lat' dir='ltr'><strong>llent,</strong></span> <span class='ocrx_word' id='word_1_123' title='bbox 1481 1889 1662 1961; x_wconf 91' lang='lat' dir='ltr'><strong>procurator</strong></span> <span class='ocrx_word' id='word_1_124' title='bbox 1683 1881 1886 1963; x_wconf 71' lang='lat' dir='ltr'><strong>comunimus,</strong></span> <span class='ocrx_word' id='word_1_125' title='bbox 1908 1887 2125 1963; x_wconf 74' lang='lat' dir='ltr'><strong>procuratorio</strong></span> <span class='ocrx_word' id='word_1_126' title='bbox 2147 1889 2256 1952; x_wconf 88' lang='lat' dir='ltr'><strong>nomine</strong></span> 
     </span>
     <span class='ocr_line' id='line_1_11' title="bbox 429 1999 2255 2086; baseline -0.001 -15"><span class='ocrx_word' id='word_1_127' title='bbox 429 2005 508 2072; x_wconf 89' lang='lat' dir='ltr'><strong>dicte</strong></span> <span class='ocrx_word' id='word_1_128' title='bbox 529 2007 626 2086; x_wconf 91' lang='lat' dir='ltr'><strong>partis</strong></span> <span class='ocrx_word' id='word_1_129' title='bbox 647 2021 717 2080; x_wconf 91' lang='lat' dir='ltr'><strong>sue,</strong></span> <span class='ocrx_word' id='word_1_130' title='bbox 746 2005 848 2080; x_wconf 88' lang='lat' dir='ltr'><strong>cuius,</strong></span> <span class='ocrx_word' id='word_1_131' title='bbox 883 2010 913 2066; x_wconf 87' lang='lat' dir='ltr'><strong>rt</strong></span> <span class='ocrx_word' id='word_1_132' title='bbox 941 2003 1035 2080; x_wconf 81' lang='lat' dir='ltr'><strong>dixit,</strong></span> <span class='ocrx_word' id='word_1_133' title='bbox 1069 1999 1203 2065; x_wconf 84' lang='lat' dir='ltr'><strong>interibit</strong></span> <span class='ocrx_word' id='word_1_134' title='bbox 1224 2009 1254 2064; x_wconf 90' lang='lat' dir='ltr'><strong>et</strong></span> <span class='ocrx_word' id='word_1_135' title='bbox 1275 2003 1413 2079; x_wconf 85' lang='lat' dir='ltr'><strong>interest,</strong></span> <span class='ocrx_word' id='word_1_136' title='bbox 1442 2003 1473 2064; x_wconf 95' lang='lat' dir='ltr'><strong>in</strong></span> <span class='ocrx_word' id='word_1_137' title='bbox 1495 2000 1552 2066; x_wconf 89' lang='lat' dir='ltr'><strong>bac</strong></span> <span class='ocrx_word' id='word_1_138' title='bbox 1579 2011 1667 2080; x_wconf 86' lang='lat' dir='ltr'><strong>parte</strong></span> <span class='ocrx_word' id='word_1_139' title='bbox 1688 2003 1835 2066; x_wconf 87' lang='lat' dir='ltr'><strong>instanter</strong></span> <span class='ocrx_word' id='word_1_140' title='bbox 1856 2003 1941 2081; x_wconf 91' lang='lat' dir='ltr'><strong>petiit</strong></span> <span class='ocrx_word' id='word_1_141' title='bbox 1962 2019 1979 2067; x_wconf 86' lang='lat' dir='ltr'><strong>a</strong></span> <span class='ocrx_word' id='word_1_142' title='bbox 2000 2003 2124 2084; x_wconf 79' lang='lat' dir='ltr'><strong>pretam</strong></span> <span class='ocrx_word' id='word_1_143' title='bbox 2145 2007 2255 2070; x_wconf 86' lang='lat' dir='ltr'><strong>dominc</strong></span> 
     </span>
     <span class='ocr_line' id='line_1_12' title="bbox 426 2121 2255 2201; baseline -0.001 -12"><span class='ocrx_word' id='word_1_144' title='bbox 426 2125 541 2189; x_wconf 87' lang='lat' dir='ltr'><strong>decano</strong></span> <span class='ocrx_word' id='word_1_145' title='bbox 562 2133 592 2186; x_wconf 90' lang='lat' dir='ltr'><strong>ct</strong></span> <span class='ocrx_word' id='word_1_146' title='bbox 613 2124 835 2198; x_wconf 86' lang='lat' dir='ltr'><strong>commissario,</strong></span> <span class='ocrx_word' id='word_1_147' title='bbox 858 2130 888 2184; x_wconf 87' lang='lat' dir='ltr'><strong>rt</strong></span> <span class='ocrx_word' id='word_1_148' title='bbox 909 2121 1009 2186; x_wconf 90' lang='lat' dir='ltr'><strong>iudice</strong></span> <span class='ocrx_word' id='word_1_149' title='bbox 1032 2124 1063 2184; x_wconf 93' lang='lat' dir='ltr'><strong>iu</strong></span> <span class='ocrx_word' id='word_1_150' title='bbox 1085 2121 1143 2184; x_wconf 88' lang='lat' dir='ltr'><strong>bac</strong></span> <span class='ocrx_word' id='word_1_151' title='bbox 1165 2127 1251 2201; x_wconf 89' lang='lat' dir='ltr'><strong>parte</strong></span> <span class='ocrx_word' id='word_1_152' title='bbox 1273 2121 1471 2198; x_wconf 85' lang='lat' dir='ltr'><strong>competenti,</strong></span> <span class='ocrx_word' id='word_1_153' title='bbox 1501 2121 1645 2198; x_wconf 76' lang='lat' dir='ltr'><strong>guadone</strong></span> <span class='ocrx_word' id='word_1_154' title='bbox 1666 2135 1722 2184; x_wconf 90' lang='lat' dir='ltr'><strong>suu</strong></span> <span class='ocrx_word' id='word_1_155' title='bbox 1744 2122 1921 2186; x_wconf 78' lang='lat' dir='ltr'><strong>animositate</strong></span> <span class='ocrx_word' id='word_1_156' title='bbox 1942 2122 2053 2186; x_wconf 55' lang='lat' dir='ltr'><strong>Qum</strong></span> <span class='ocrx_word' id='word_1_157' title='bbox 2077 2132 2181 2188; x_wconf 90' lang='lat' dir='ltr'><strong>notam</strong></span> <span class='ocrx_word' id='word_1_158' title='bbox 2201 2127 2255 2188; x_wconf 90' lang='lat' dir='ltr'><strong>siue</strong></span> 
     </span>
     <span class='ocr_line' id='line_1_13' title="bbox 425 2236 2255 2326; baseline -0.001 -20"><span class='ocrx_word' id='word_1_159' title='bbox 425 2243 650 2324; x_wconf 85' lang='lat' dir='ltr'><strong>protboeollum</strong></span> <span class='ocrx_word' id='word_1_160' title='bbox 673 2241 783 2323; x_wconf 85' lang='lat' dir='ltr'><strong>prelati</strong></span> <span class='ocrx_word' id='word_1_161' title='bbox 806 2241 942 2321; x_wconf 80' lang='lat' dir='ltr'><strong>magistri</strong></span> <span class='ocrx_word' id='word_1_162' title='bbox 964 2239 1044 2302; x_wconf 89' lang='lat' dir='ltr'><strong>Petri</strong></span> <span class='ocrx_word' id='word_1_163' title='bbox 1067 2237 1204 2304; x_wconf 88' lang='lat' dir='ltr'><strong>Cberclre</strong></span> <span class='ocrx_word' id='word_1_164' title='bbox 1225 2256 1283 2317; x_wconf 91' lang='lat' dir='ltr'><strong>per</strong></span> <span class='ocrx_word' id='word_1_165' title='bbox 1304 2255 1367 2315; x_wconf 90' lang='lat' dir='ltr'><strong>me,</strong></span> <span class='ocrx_word' id='word_1_166' title='bbox 1402 2240 1552 2302; x_wconf 78' lang='lat' dir='ltr'><strong>nomnium</strong></span> <span class='ocrx_word' id='word_1_167' title='bbox 1580 2238 1737 2318; x_wconf 81' lang='lat' dir='ltr'><strong>pubiicum</strong></span> <span class='ocrx_word' id='word_1_168' title='bbox 1761 2236 1911 2320; x_wconf 77' lang='lat' dir='ltr'><strong>Curioque</strong></span> <span class='ocrx_word' id='word_1_169' title='bbox 1930 2237 2162 2308; x_wconf 81' lang='lat' dir='ltr'><strong>Cantauriensis</strong></span> <span class='ocrx_word' id='word_1_170' title='bbox 2186 2246 2255 2326; x_wconf 86' lang='lat' dir='ltr'><strong>regi·</strong></span> 
     </span>
     <span class='ocr_line' id='line_1_14' title="bbox 427 2357 2255 2438; baseline 0 -12"><span class='ocrx_word' id='word_1_171' title='bbox 427 2363 570 2426; x_wconf 88' lang='lat' dir='ltr'><strong>strarinm</strong></span> <span class='ocrx_word' id='word_1_172' title='bbox 593 2370 623 2424; x_wconf 89' lang='lat' dir='ltr'><strong>et</strong></span> <span class='ocrx_word' id='word_1_173' title='bbox 645 2359 780 2424; x_wconf 87' lang='lat' dir='ltr'><strong>eiusdem</strong></span> <span class='ocrx_word' id='word_1_174' title='bbox 795 2357 888 2423; x_wconf 88' lang='lat' dir='ltr'><strong>Curie</strong></span> <span class='ocrx_word' id='word_1_175' title='bbox 909 2366 1045 2420; x_wconf 90' lang='lat' dir='ltr'><strong>actorum</strong></span> <span class='ocrx_word' id='word_1_176' title='bbox 1068 2359 1200 2422; x_wconf 87' lang='lat' dir='ltr'><strong>scribam</strong></span> <span class='ocrx_word' id='word_1_177' title='bbox 1223 2357 1437 2437; x_wconf 75' lang='lat' dir='ltr'><strong>submuptnu,</strong></span> <span class='ocrx_word' id='word_1_178' title='bbox 1460 2365 1554 2435; x_wconf 92' lang='lat' dir='ltr'><strong>prout</strong></span> <span class='ocrx_word' id='word_1_179' title='bbox 1574 2359 1604 2420; x_wconf 93' lang='lat' dir='ltr'><strong>in</strong></span> <span class='ocrx_word' id='word_1_180' title='bbox 1627 2357 1731 2422; x_wconf 84' lang='lat' dir='ltr'><strong>eadem</strong></span> <span class='ocrx_word' id='word_1_181' title='bbox 1754 2365 1825 2422; x_wconf 89' lang='lat' dir='ltr'><strong>nota</strong></span> <span class='ocrx_word' id='word_1_182' title='bbox 1845 2359 1912 2425; x_wconf 92' lang='lat' dir='ltr'><strong>sinc</strong></span> <span class='ocrx_word' id='word_1_183' title='bbox 1933 2359 2129 2438; x_wconf 88' lang='lat' dir='ltr'><strong>protbncollo</strong></span> <span class='ocrx_word' id='word_1_184' title='bbox 2151 2371 2195 2428; x_wconf 90' lang='lat' dir='ltr'><strong>est</strong></span> <span class='ocrx_word' id='word_1_185' title='bbox 2214 2381 2255 2426; x_wconf 88' lang='lat' dir='ltr'><strong>er·</strong></span> 
     </span>
     <span class='ocr_line' id='line_1_15' title="bbox 426 2475 2256 2563; baseline 0 -19"><span class='ocrx_word' id='word_1_186' title='bbox 426 2497 576 2563; x_wconf 89' lang='lat' dir='ltr'><strong>pressum,</strong></span> <span class='ocrx_word' id='word_1_187' title='bbox 602 2479 779 2544; x_wconf 88' lang='lat' dir='ltr'><strong>transscribi</strong></span> <span class='ocrx_word' id='word_1_188' title='bbox 801 2486 830 2541; x_wconf 90' lang='lat' dir='ltr'><strong>et</strong></span> <span class='ocrx_word' id='word_1_189' title='bbox 852 2481 883 2540; x_wconf 89' lang='lat' dir='ltr'><strong>in</strong></span> <span class='ocrx_word' id='word_1_190' title='bbox 906 2475 1036 2540; x_wconf 81' lang='lat' dir='ltr'><strong>formam</strong></span> <span class='ocrx_word' id='word_1_191' title='bbox 1058 2475 1212 2556; x_wconf 86' lang='lat' dir='ltr'><strong>pubiicum</strong></span> <span class='ocrx_word' id='word_1_192' title='bbox 1235 2476 1331 2558; x_wconf 91' lang='lat' dir='ltr'><strong>redigi</strong></span> <span class='ocrx_word' id='word_1_193' title='bbox 1360 2483 1390 2540; x_wconf 88' lang='lat' dir='ltr'><strong>et</strong></span> <span class='ocrx_word' id='word_1_194' title='bbox 1418 2478 1461 2540; x_wconf 87' lang='lat' dir='ltr'><strong>sie</strong></span> <span class='ocrx_word' id='word_1_195' title='bbox 1489 2475 1559 2539; x_wconf 90' lang='lat' dir='ltr'><strong>inde</strong></span> <span class='ocrx_word' id='word_1_196' title='bbox 1588 2475 1745 2554; x_wconf 89' lang='lat' dir='ltr'><strong>publicum</strong></span> <span class='ocrx_word' id='word_1_197' title='bbox 1773 2477 1882 2542; x_wconf 86' lang='lat' dir='ltr'><strong>eonbci</strong></span> <span class='ocrx_word' id='word_1_198' title='bbox 1908 2479 2144 2546; x_wconf 83' lang='lat' dir='ltr'><strong>instrumentum</strong></span> <span class='ocrx_word' id='word_1_199' title='bbox 2173 2483 2256 2560; x_wconf 86' lang='lat' dir='ltr'><strong>ipsius</strong></span> 
     </span>
     <span class='ocr_line' id='line_1_16' title="bbox 428 2593 2255 2681; baseline 0.001 -18"><span class='ocrx_word' id='word_1_200' title='bbox 428 2599 542 2663; x_wconf 91' lang='lat' dir='ltr'><strong>domini</strong></span> <span class='ocrx_word' id='word_1_201' title='bbox 565 2598 670 2662; x_wconf 89' lang='lat' dir='ltr'><strong>decani</strong></span> <span class='ocrx_word' id='word_1_202' title='bbox 694 2598 873 2660; x_wconf 89' lang='lat' dir='ltr'><strong>auctoritate</strong></span> <span class='ocrx_word' id='word_1_203' title='bbox 895 2604 923 2660; x_wconf 89' lang='lat' dir='ltr'><strong>et</strong></span> <span class='ocrx_word' id='word_1_204' title='bbox 952 2594 1073 2658; x_wconf 89' lang='lat' dir='ltr'><strong>decreto</strong></span> <span class='ocrx_word' id='word_1_205' title='bbox 1102 2593 1248 2658; x_wconf 83' lang='lat' dir='ltr'><strong>mundare</strong></span> <span class='ocrx_word' id='word_1_206' title='bbox 1277 2601 1307 2656; x_wconf 91' lang='lat' dir='ltr'><strong>et</strong></span> <span class='ocrx_word' id='word_1_207' title='bbox 1335 2593 1435 2658; x_wconf 83' lang='lat' dir='ltr'><strong>iacere</strong></span> <span class='ocrx_word' id='word_1_208' title='bbox 1464 2594 1653 2676; x_wconf 76' lang='lat' dir='ltr'><strong>dignaretur.</strong></span> <span class='ocrx_word' id='word_1_209' title='bbox 1704 2595 1751 2658; x_wconf 82' lang='lat' dir='ltr'><strong>lid</strong></span> <span class='ocrx_word' id='word_1_210' title='bbox 1779 2598 1866 2660; x_wconf 91' lang='lat' dir='ltr'><strong>culus</strong></span> <span class='ocrx_word' id='word_1_211' title='bbox 1892 2599 2067 2677; x_wconf 88' lang='lat' dir='ltr'><strong>petitionem</strong></span> <span class='ocrx_word' id='word_1_212' title='bbox 2100 2600 2255 2681; x_wconf 85' lang='lat' dir='ltr'><strong>prelibatus</strong></span> 
     </span>
     <span class='ocr_line' id='line_1_17' title="bbox 426 2713 2255 2810; baseline -0.001 -29"><span class='ocrx_word' id='word_1_213' title='bbox 426 2718 568 2781; x_wconf 93' lang='lat' dir='ltr'><strong>dominus</strong></span> <span class='ocrx_word' id='word_1_214' title='bbox 590 2715 722 2780; x_wconf 90' lang='lat' dir='ltr'><strong>decanus</strong></span> <span class='ocrx_word' id='word_1_215' title='bbox 745 2723 774 2778; x_wconf 89' lang='lat' dir='ltr'><strong>et</strong></span> <span class='ocrx_word' id='word_1_216' title='bbox 796 2714 1033 2788; x_wconf 86' lang='lat' dir='ltr'><strong>commissarius,</strong></span> <span class='ocrx_word' id='word_1_217' title='bbox 1055 2715 1119 2776; x_wconf 83' lang='lat' dir='ltr'><strong>visa</strong></span> <span class='ocrx_word' id='word_1_218' title='bbox 1142 2713 1284 2790; x_wconf 88' lang='lat' dir='ltr'><strong>primitus</strong></span> <span class='ocrx_word' id='word_1_219' title='bbox 1305 2729 1361 2792; x_wconf 93' lang='lat' dir='ltr'><strong>per</strong></span> <span class='ocrx_word' id='word_1_220' title='bbox 1383 2713 1483 2810; x_wconf 65' lang='lat' dir='ltr'><strong>ipsum</strong></span> <span class='ocrx_word' id='word_1_221' title='bbox 1504 2719 1532 2775; x_wconf 90' lang='lat' dir='ltr'><strong>et</strong></span> <span class='ocrx_word' id='word_1_222' title='bbox 1554 2713 1689 2792; x_wconf 89' lang='lat' dir='ltr'><strong>inspectu</strong></span> <span class='ocrx_word' id='word_1_223' title='bbox 1713 2713 1885 2780; x_wconf 86' lang='lat' dir='ltr'><strong>huiusmodi</strong></span> <span class='ocrx_word' id='word_1_224' title='bbox 1909 2725 1979 2781; x_wconf 91' lang='lat' dir='ltr'><strong>nota</strong></span> <span class='ocrx_word' id='word_1_225' title='bbox 1997 2717 2255 2797; x_wconf 88' lang='lat' dir='ltr'><strong>siueprotbocolle</strong></span> 
     </span>
     <span class='ocr_line' id='line_1_18' title="bbox 425 2829 2254 2915; baseline 0.001 -17"><span class='ocrx_word' id='word_1_226' title='bbox 425 2841 492 2915; x_wconf 92' lang='lat' dir='ltr'><strong>lpsa</strong></span> <span class='ocrx_word' id='word_1_227' title='bbox 515 2835 597 2898; x_wconf 92' lang='lat' dir='ltr'><strong>omni</strong></span> <span class='ocrx_word' id='word_1_228' title='bbox 620 2833 791 2913; x_wconf 90' lang='lat' dir='ltr'><strong>suspicione</strong></span> <span class='ocrx_word' id='word_1_229' title='bbox 813 2832 935 2896; x_wconf 93' lang='lat' dir='ltr'><strong>sinistra</strong></span> <span class='ocrx_word' id='word_1_230' title='bbox 958 2838 1094 2908; x_wconf 87' lang='lat' dir='ltr'><strong>carente,</strong></span> <span class='ocrx_word' id='word_1_231' title='bbox 1128 2830 1285 2895; x_wconf 90' lang='lat' dir='ltr'><strong>attendens</strong></span> <span class='ocrx_word' id='word_1_232' title='bbox 1313 2829 1425 2894; x_wconf 87' lang='lat' dir='ltr'><strong>dictam</strong></span> <span class='ocrx_word' id='word_1_233' title='bbox 1453 2831 1628 2911; x_wconf 89' lang='lat' dir='ltr'><strong>petitionem</strong></span> <span class='ocrx_word' id='word_1_234' title='bbox 1656 2831 1722 2896; x_wconf 84' lang='lat' dir='ltr'><strong>iore</strong></span> <span class='ocrx_word' id='word_1_235' title='bbox 1752 2834 1862 2896; x_wconf 89' lang='lat' dir='ltr'><strong>iustam</strong></span> <span class='ocrx_word' id='word_1_236' title='bbox 1891 2841 1920 2896; x_wconf 91' lang='lat' dir='ltr'><strong>et</strong></span> <span class='ocrx_word' id='word_1_237' title='bbox 1949 2849 2118 2900; x_wconf 90' lang='lat' dir='ltr'><strong>consonam</strong></span> <span class='ocrx_word' id='word_1_238' title='bbox 2147 2839 2254 2913; x_wconf 83' lang='lat' dir='ltr'><strong>radoni,</strong></span> 
     </span>
     <span class='ocr_line' id='line_1_19' title="bbox 425 2950 2254 3030; baseline 0 -12"><span class='ocrx_word' id='word_1_239' title='bbox 425 2955 582 3018; x_wconf 87' lang='lat' dir='ltr'><strong>mandauit</strong></span> <span class='ocrx_word' id='word_1_240' title='bbox 602 2950 693 3018; x_wconf 91' lang='lat' dir='ltr'><strong>micbi</strong></span> <span class='ocrx_word' id='word_1_241' title='bbox 715 2952 833 3016; x_wconf 91' lang='lat' dir='ltr'><strong>notario</strong></span> <span class='ocrx_word' id='word_1_242' title='bbox 855 2966 949 3030; x_wconf 89' lang='lat' dir='ltr'><strong>supra</strong></span> <span class='ocrx_word' id='word_1_243' title='bbox 972 2959 1001 3013; x_wconf 92' lang='lat' dir='ltr'><strong>et</strong></span> <span class='ocrx_word' id='word_1_244' title='bbox 1024 2950 1211 3027; x_wconf 89' lang='lat' dir='ltr'><strong>subscripto,</strong></span> <span class='ocrx_word' id='word_1_245' title='bbox 1248 2954 1279 3010; x_wconf 85' lang='lat' dir='ltr'><strong>rt</strong></span> <span class='ocrx_word' id='word_1_246' title='bbox 1299 2950 1397 3028; x_wconf 87' lang='lat' dir='ltr'><strong>ipsam</strong></span> <span class='ocrx_word' id='word_1_247' title='bbox 1425 2958 1527 3014; x_wconf 85' lang='lat' dir='ltr'><strong>notam</strong></span> <span class='ocrx_word' id='word_1_248' title='bbox 1549 2953 1614 3014; x_wconf 88' lang='lat' dir='ltr'><strong>siue</strong></span> <span class='ocrx_word' id='word_1_249' title='bbox 1635 2950 1861 3030; x_wconf 89' lang='lat' dir='ltr'><strong>protbocollum</strong></span> <span class='ocrx_word' id='word_1_250' title='bbox 1883 2954 2147 3030; x_wconf 84' lang='lat' dir='ltr'><strong>transscriberem,</strong></span> <span class='ocrx_word' id='word_1_251' title='bbox 2169 2963 2254 3018; x_wconf 77' lang='lat' dir='ltr'><strong>trane</strong></span> 
     </span>
     <span class='ocr_line' id='line_1_20' title="bbox 425 3065 2253 3152; baseline -0.001 -15"><span class='ocrx_word' id='word_1_252' title='bbox 425 3087 576 3138; x_wconf 90' lang='lat' dir='ltr'><strong>sumerem</strong></span> <span class='ocrx_word' id='word_1_253' title='bbox 598 3072 662 3136; x_wconf 88' lang='lat' dir='ltr'><strong>siue</strong></span> <span class='ocrx_word' id='word_1_254' title='bbox 684 3069 890 3148; x_wconf 85' lang='lat' dir='ltr'><strong>exemplarem</strong></span> <span class='ocrx_word' id='word_1_255' title='bbox 917 3077 946 3132; x_wconf 93' lang='lat' dir='ltr'><strong>et</strong></span> <span class='ocrx_word' id='word_1_256' title='bbox 968 3070 998 3131; x_wconf 90' lang='lat' dir='ltr'><strong>in</strong></span> <span class='ocrx_word' id='word_1_257' title='bbox 1021 3067 1175 3147; x_wconf 87' lang='lat' dir='ltr'><strong>publicam</strong></span> <span class='ocrx_word' id='word_1_258' title='bbox 1198 3065 1329 3132; x_wconf 85' lang='lat' dir='ltr'><strong>formam</strong></span> <span class='ocrx_word' id='word_1_259' title='bbox 1351 3067 1533 3150; x_wconf 87' lang='lat' dir='ltr'><strong>redigerem,</strong></span> <span class='ocrx_word' id='word_1_260' title='bbox 1564 3077 1595 3132; x_wconf 91' lang='lat' dir='ltr'><strong>et</strong></span> <span class='ocrx_word' id='word_1_261' title='bbox 1614 3069 2025 3149; x_wconf 82' lang='lat' dir='ltr'><strong>uniusmodturansscn&#39;pto,</strong></span> <span class='ocrx_word' id='word_1_262' title='bbox 2057 3079 2253 3152; x_wconf 88' lang='lat' dir='ltr'><strong>transsumpto</strong></span> 
     </span>
     <span class='ocr_line' id='line_1_21' title="bbox 425 3185 2254 3272; baseline 0 -17"><span class='ocrx_word' id='word_1_263' title='bbox 425 3194 490 3256; x_wconf 89' lang='lat' dir='ltr'><strong>siue</strong></span> <span class='ocrx_word' id='word_1_264' title='bbox 512 3189 684 3269; x_wconf 82' lang='lat' dir='ltr'><strong>exemplato</strong></span> <span class='ocrx_word' id='word_1_265' title='bbox 706 3195 735 3250; x_wconf 90' lang='lat' dir='ltr'><strong>et</strong></span> <span class='ocrx_word' id='word_1_266' title='bbox 756 3189 787 3250; x_wconf 94' lang='lat' dir='ltr'><strong>in</strong></span> <span class='ocrx_word' id='word_1_267' title='bbox 809 3186 940 3250; x_wconf 81' lang='lat' dir='ltr'><strong>sormam</strong></span> <span class='ocrx_word' id='word_1_268' title='bbox 962 3187 1127 3265; x_wconf 90' lang='lat' dir='ltr'><strong>publicam,</strong></span> <span class='ocrx_word' id='word_1_269' title='bbox 1152 3194 1182 3248; x_wconf 88' lang='lat' dir='ltr'><strong>vt</strong></span> <span class='ocrx_word' id='word_1_270' title='bbox 1204 3185 1366 3266; x_wconf 82' lang='lat' dir='ltr'><strong>prefertur,</strong></span> <span class='ocrx_word' id='word_1_271' title='bbox 1389 3201 1447 3264; x_wconf 92' lang='lat' dir='ltr'><strong>per</strong></span> <span class='ocrx_word' id='word_1_272' title='bbox 1467 3203 1516 3251; x_wconf 89' lang='lat' dir='ltr'><strong>me</strong></span> <span class='ocrx_word' id='word_1_273' title='bbox 1537 3187 1675 3266; x_wconf 89' lang='lat' dir='ltr'><strong>redacto,</strong></span> <span class='ocrx_word' id='word_1_274' title='bbox 1707 3189 1842 3266; x_wconf 77' lang='lat' dir='ltr'><strong>meisque</strong></span> <span class='ocrx_word' id='word_1_275' title='bbox 1863 3189 1952 3272; x_wconf 87' lang='lat' dir='ltr'><strong>signo</strong></span> <span class='ocrx_word' id='word_1_276' title='bbox 1974 3197 2003 3252; x_wconf 90' lang='lat' dir='ltr'><strong>et</strong></span> <span class='ocrx_word' id='word_1_277' title='bbox 2024 3193 2150 3256; x_wconf 86' lang='lat' dir='ltr'><strong>nomine</strong></span> <span class='ocrx_word' id='word_1_278' title='bbox 2169 3191 2254 3256; x_wconf 87' lang='lat' dir='ltr'><strong>solitis</strong></span> 
     </span>
     <span class='ocr_line' id='line_1_22' title="bbox 425 3303 2254 3392; baseline -0.001 -19"><span class='ocrx_word' id='word_1_279' title='bbox 425 3319 454 3372; x_wconf 87' lang='lat' dir='ltr'><strong>et</strong></span> <span class='ocrx_word' id='word_1_280' title='bbox 477 3307 628 3372; x_wconf 87' lang='lat' dir='ltr'><strong>consuetis</strong></span> <span class='ocrx_word' id='word_1_281' title='bbox 650 3308 770 3388; x_wconf 89' lang='lat' dir='ltr'><strong>signato</strong></span> <span class='ocrx_word' id='word_1_282' title='bbox 792 3312 822 3368; x_wconf 90' lang='lat' dir='ltr'><strong>et</strong></span> <span class='ocrx_word' id='word_1_283' title='bbox 843 3303 1033 3385; x_wconf 86' lang='lat' dir='ltr'><strong>subscripto,</strong></span> <span class='ocrx_word' id='word_1_284' title='bbox 1056 3303 1146 3368; x_wconf 89' lang='lat' dir='ltr'><strong>iidem</strong></span> <span class='ocrx_word' id='word_1_285' title='bbox 1169 3304 1338 3383; x_wconf 89' lang='lat' dir='ltr'><strong>plenariam</strong></span> <span class='ocrx_word' id='word_1_286' title='bbox 1361 3303 1564 3370; x_wconf 87' lang='lat' dir='ltr'><strong>adhibendam</strong></span> <span class='ocrx_word' id='word_1_287' title='bbox 1587 3305 1654 3372; x_wconf 82' lang='lat' dir='ltr'><strong>iore</strong></span> <span class='ocrx_word' id='word_1_288' title='bbox 1675 3306 1809 3370; x_wconf 87' lang='lat' dir='ltr'><strong>decreuit</strong></span> <span class='ocrx_word' id='word_1_289' title='bbox 1830 3305 1953 3372; x_wconf 79' lang='lat' dir='ltr'><strong>ubilibet</strong></span> <span class='ocrx_word' id='word_1_290' title='bbox 1974 3309 2005 3370; x_wconf 91' lang='lat' dir='ltr'><strong>in</strong></span> <span class='ocrx_word' id='word_1_291' title='bbox 2026 3309 2170 3392; x_wconf 85' lang='lat' dir='ltr'><strong>agendis,</strong></span> <span class='ocrx_word' id='word_1_292' title='bbox 2198 3325 2254 3374; x_wconf 91' lang='lat' dir='ltr'><strong>ma·</strong></span> 
     </span>
     <span class='ocr_line' id='line_1_23' title="bbox 424 3411 2254 3511; baseline 0 -20"><span class='ocrx_word' id='word_1_293' title='bbox 424 3430 520 3511; x_wconf 87' lang='lat' dir='ltr'><strong>gistrc</strong></span> <span class='ocrx_word' id='word_1_294' title='bbox 536 3411 673 3490; x_wconf 80' lang='lat' dir='ltr'><strong>iohanne</strong></span> <span class='ocrx_word' id='word_1_295' title='bbox 690 3423 799 3500; x_wconf 89' lang='lat' dir='ltr'><strong>Lcrde,</strong></span> <span class='ocrx_word' id='word_1_296' title='bbox 822 3431 1022 3501; x_wconf 86' lang='lat' dir='ltr'><strong>procuratore</strong></span> <span class='ocrx_word' id='word_1_297' title='bbox 1043 3423 1191 3503; x_wconf 90' lang='lat' dir='ltr'><strong>predicto,</strong></span> <span class='ocrx_word' id='word_1_298' title='bbox 1214 3422 1417 3487; x_wconf 88' lang='lat' dir='ltr'><strong>dissentiente.</strong></span> <span class='ocrx_word' id='word_1_299' title='bbox 1456 3423 1494 3488; x_wconf 86' lang='lat' dir='ltr'><strong>Et</strong></span> <span class='ocrx_word' id='word_1_300' title='bbox 1515 3423 1655 3490; x_wconf 87' lang='lat' dir='ltr'><strong>dissensit</strong></span> <span class='ocrx_word' id='word_1_301' title='bbox 1676 3423 1849 3488; x_wconf 81' lang='lat' dir='ltr'><strong>huiusmodi</strong></span> <span class='ocrx_word' id='word_1_302' title='bbox 1871 3424 2003 3504; x_wconf 87' lang='lat' dir='ltr'><strong>decreto,</strong></span> <span class='ocrx_word' id='word_1_303' title='bbox 2026 3427 2144 3496; x_wconf 88' lang='lat' dir='ltr'><strong>nullam</strong></span> <span class='ocrx_word' id='word_1_304' title='bbox 2167 3438 2254 3493; x_wconf 89' lang='lat' dir='ltr'><strong>tamen</strong></span> 
     </span>
     <span class='ocr_line' id='line_1_24' title="bbox 424 3539 2254 3623; baseline 0 -13"><span class='ocrx_word' id='word_1_305' title='bbox 424 3563 547 3611; x_wconf 91' lang='lat' dir='ltr'><strong>causam</strong></span> <span class='ocrx_word' id='word_1_306' title='bbox 570 3541 743 3608; x_wconf 87' lang='lat' dir='ltr'><strong>huiusmodi</strong></span> <span class='ocrx_word' id='word_1_307' title='bbox 772 3541 928 3606; x_wconf 88' lang='lat' dir='ltr'><strong>dissensus</strong></span> <span class='ocrx_word' id='word_1_308' title='bbox 950 3540 1095 3623; x_wconf 90' lang='lat' dir='ltr'><strong>allegauit</strong></span> <span class='ocrx_word' id='word_1_309' title='bbox 1122 3543 1152 3604; x_wconf 92' lang='lat' dir='ltr'><strong>in</strong></span> <span class='ocrx_word' id='word_1_310' title='bbox 1180 3539 1291 3605; x_wconf 90' lang='lat' dir='ltr'><strong>iudicio</strong></span> <span class='ocrx_word' id='word_1_311' title='bbox 1320 3551 1391 3606; x_wconf 90' lang='lat' dir='ltr'><strong>tunc</strong></span> <span class='ocrx_word' id='word_1_312' title='bbox 1414 3542 1543 3620; x_wconf 89' lang='lat' dir='ltr'><strong>ibidem,</strong></span> <span class='ocrx_word' id='word_1_313' title='bbox 1572 3551 1600 3606; x_wconf 89' lang='lat' dir='ltr'><strong>et</strong></span> <span class='ocrx_word' id='word_1_314' title='bbox 1628 3543 1728 3610; x_wconf 82' lang='lat' dir='ltr'><strong>solum</strong></span> <span class='ocrx_word' id='word_1_315' title='bbox 1749 3545 1836 3623; x_wconf 87' lang='lat' dir='ltr'><strong>petiit</strong></span> <span class='ocrx_word' id='word_1_316' title='bbox 1856 3545 1978 3623; x_wconf 88' lang='lat' dir='ltr'><strong>copiam</strong></span> <span class='ocrx_word' id='word_1_317' title='bbox 2000 3545 2174 3612; x_wconf 86' lang='lat' dir='ltr'><strong>huiusmodi</strong></span> <span class='ocrx_word' id='word_1_318' title='bbox 2194 3555 2254 3611; x_wconf 89' lang='lat' dir='ltr'><strong>note</strong></span> 
     </span>
     <span class='ocr_line' id='line_1_25' title="bbox 424 3658 2253 3750; baseline -0.001 -20"><span class='ocrx_word' id='word_1_319' title='bbox 424 3665 490 3730; x_wconf 88' lang='lat' dir='ltr'><strong>siue</strong></span> <span class='ocrx_word' id='word_1_320' title='bbox 511 3661 694 3742; x_wconf 87' lang='lat' dir='ltr'><strong>protbccolll</strong></span> <span class='ocrx_word' id='word_1_321' title='bbox 717 3667 879 3738; x_wconf 83' lang='lat' dir='ltr'><strong>antequam</strong></span> <span class='ocrx_word' id='word_1_322' title='bbox 902 3666 1108 3722; x_wconf 89' lang='lat' dir='ltr'><strong>transumatur</strong></span> <span class='ocrx_word' id='word_1_323' title='bbox 1128 3660 1187 3724; x_wconf 89' lang='lat' dir='ltr'><strong>sibi</strong></span> <span class='ocrx_word' id='word_1_324' title='bbox 1209 3659 1269 3722; x_wconf 91' lang='lat' dir='ltr'><strong>cdi.</strong></span> <span class='ocrx_word' id='word_1_325' title='bbox 1312 3658 1414 3723; x_wconf 89' lang='lat' dir='ltr'><strong>Tener</strong></span> <span class='ocrx_word' id='word_1_326' title='bbox 1431 3677 1503 3724; x_wconf 80' lang='lat' dir='ltr'><strong>sero</strong></span> <span class='ocrx_word' id='word_1_327' title='bbox 1524 3661 1602 3724; x_wconf 85' lang='lat' dir='ltr'><strong>dicte</strong></span> <span class='ocrx_word' id='word_1_328' title='bbox 1625 3671 1695 3726; x_wconf 89' lang='lat' dir='ltr'><strong>note</strong></span> <span class='ocrx_word' id='word_1_329' title='bbox 1710 3663 1775 3726; x_wconf 90' lang='lat' dir='ltr'><strong>siue</strong></span> <span class='ocrx_word' id='word_1_330' title='bbox 1797 3662 1980 3743; x_wconf 85' lang='lat' dir='ltr'><strong>protbccslli</strong></span> <span class='ocrx_word' id='word_1_331' title='bbox 1996 3663 2109 3743; x_wconf 79' lang='lat' dir='ltr'><strong>prefatl</strong></span> <span class='ocrx_word' id='word_1_332' title='bbox 2128 3667 2253 3750; x_wconf 85' lang='lat' dir='ltr'><strong>magistri</strong></span> 
     </span>
     <span class='ocr_line' id='line_1_26' title="bbox 424 3777 1742 3857; baseline -0.002 -13"><span class='ocrx_word' id='word_1_333' title='bbox 424 3781 505 3846; x_wconf 86' lang='lat' dir='ltr'><strong>Petri</strong></span> <span class='ocrx_word' id='word_1_334' title='bbox 528 3778 676 3856; x_wconf 83' lang='lat' dir='ltr'><strong>Charcha,</strong></span> <span class='ocrx_word' id='word_1_335' title='bbox 699 3777 736 3842; x_wconf 91' lang='lat' dir='ltr'><strong>dc</strong></span> <span class='ocrx_word' id='word_1_336' title='bbox 758 3794 819 3856; x_wconf 84' lang='lat' dir='ltr'><strong>qua</strong></span> <span class='ocrx_word' id='word_1_337' title='bbox 841 3779 906 3842; x_wconf 87' lang='lat' dir='ltr'><strong>siue</strong></span> <span class='ocrx_word' id='word_1_338' title='bbox 927 3777 965 3842; x_wconf 90' lang='lat' dir='ltr'><strong>de</strong></span> <span class='ocrx_word' id='word_1_339' title='bbox 986 3794 1047 3857; x_wconf 85' lang='lat' dir='ltr'><strong>qun</strong></span> <span class='ocrx_word' id='word_1_340' title='bbox 1070 3793 1163 3856; x_wconf 88' lang='lat' dir='ltr'><strong>supra</strong></span> <span class='ocrx_word' id='word_1_341' title='bbox 1185 3778 1218 3841; x_wconf 92' lang='lat' dir='ltr'><strong>lit</strong></span> <span class='ocrx_word' id='word_1_342' title='bbox 1238 3777 1360 3855; x_wconf 92' lang='lat' dir='ltr'><strong>mentio,</strong></span> <span class='ocrx_word' id='word_1_343' title='bbox 1383 3781 1519 3857; x_wconf 87' lang='lat' dir='ltr'><strong>sequitur</strong></span> <span class='ocrx_word' id='word_1_344' title='bbox 1539 3788 1569 3842; x_wconf 90' lang='lat' dir='ltr'><strong>et</strong></span> <span class='ocrx_word' id='word_1_345' title='bbox 1590 3787 1635 3844; x_wconf 89' lang='lat' dir='ltr'><strong>est</strong></span> <span class='ocrx_word' id='word_1_346' title='bbox 1657 3781 1742 3844; x_wconf 80' lang='lat' dir='ltr'><strong>talias</strong></span> 
     </span>
    </p>

    <p class='ocr_par' dir='ltr' id='par_1_3' title="bbox 425 3876 2251 4100">
     <span class='ocr_line' id='line_1_27' title="bbox 578 3876 2251 3982; baseline 0.005 -24"><span class='ocrx_word' id='word_1_347' title='bbox 578 3897 610 3960; x_wconf 90' lang='lat' dir='ltr'><strong>ln</strong></span> <span class='ocrx_word' id='word_1_348' title='bbox 634 3897 686 3960; x_wconf 76' lang='lat' dir='ltr'><strong>liei</strong></span> <span class='ocrx_word' id='word_1_349' title='bbox 708 3897 831 3959; x_wconf 90' lang='lat' dir='ltr'><strong>nominc</strong></span> <span class='ocrx_word' id='word_1_350' title='bbox 853 3894 959 3960; x_wconf 85' lang='lat' dir='ltr'><strong>limen.</strong></span> <span class='ocrx_word' id='word_1_351' title='bbox 1004 3895 1062 3959; x_wconf 91' lang='lat' dir='ltr'><strong>Per</strong></span> <span class='ocrx_word' id='word_1_352' title='bbox 1084 3913 1208 3977; x_wconf 91' lang='lat' dir='ltr'><strong>presens</strong></span> <span class='ocrx_word' id='word_1_353' title='bbox 1237 3876 1393 3974; x_wconf 81' lang='lat' dir='ltr'><strong>pubiicum</strong></span> <span class='ocrx_word' id='word_1_354' title='bbox 1416 3897 1647 3964; x_wconf 90' lang='lat' dir='ltr'><strong>instrumentum</strong></span> <span class='ocrx_word' id='word_1_355' title='bbox 1669 3899 1785 3964; x_wconf 88' lang='lat' dir='ltr'><strong>cunctis</strong></span> <span class='ocrx_word' id='word_1_356' title='bbox 1806 3909 1953 3981; x_wconf 87' lang='lat' dir='ltr'><strong>appareat</strong></span> <span class='ocrx_word' id='word_1_357' title='bbox 1975 3901 2149 3981; x_wconf 90' lang='lat' dir='ltr'><strong>euidenter,</strong></span> <span class='ocrx_word' id='word_1_358' title='bbox 2180 3903 2251 3982; x_wconf 81' lang='lat' dir='ltr'><strong>quod</strong></span> 
     </span>
     <span class='ocr_line' id='line_1_28' title="bbox 425 4013 2251 4100; baseline 0.001 -18"><span class='ocrx_word' id='word_1_359' title='bbox 425 4033 505 4082; x_wconf 89' lang='lat' dir='ltr'><strong>anno</strong></span> <span class='ocrx_word' id='word_1_360' title='bbox 528 4017 567 4080; x_wconf 89' lang='lat' dir='ltr'><strong>ab</strong></span> <span class='ocrx_word' id='word_1_361' title='bbox 589 4016 794 4078; x_wconf 88' lang='lat' dir='ltr'><strong>incarnatione</strong></span> <span class='ocrx_word' id='word_1_362' title='bbox 815 4013 936 4078; x_wconf 82' lang='lat' dir='ltr'><strong>llomini</strong></span> <span class='ocrx_word' id='word_1_363' title='bbox 959 4015 1121 4078; x_wconf 89' lang='lat' dir='ltr'><strong>millesimo</strong></span> <span class='ocrx_word' id='word_1_364' title='bbox 1144 4013 1441 4098; x_wconf 84' lang='lat' dir='ltr'><strong>quadringentesimo</strong></span> <span class='ocrx_word' id='word_1_365' title='bbox 1464 4017 1606 4080; x_wconf 86' lang='lat' dir='ltr'><strong>vicesimo</strong></span> <span class='ocrx_word' id='word_1_366' title='bbox 1628 4017 1744 4096; x_wconf 89' lang='lat' dir='ltr'><strong>primo,</strong></span> <span class='ocrx_word' id='word_1_367' title='bbox 1761 4018 1796 4096; x_wconf 86' lang='lat'><strong>¹)</strong></span> <span class='ocrx_word' id='word_1_368' title='bbox 1818 4018 1981 4084; x_wconf 81' lang='lat' dir='ltr'><strong>indictione</strong></span> <span class='ocrx_word' id='word_1_369' title='bbox 2003 4017 2121 4086; x_wconf 88' lang='lat' dir='ltr'><strong>decima</strong></span> <span class='ocrx_word' id='word_1_370' title='bbox 2143 4031 2251 4100; x_wconf 76' lang='lat' dir='ltr'><strong>quam,</strong></span> 
     </span>
    </p>
   </div>
   <div class='ocr_carea' id='block_1_3' title="bbox 420 4249 2346 5170">
    <p class='ocr_par' dir='ltr' id='par_1_4' title="bbox 420 4249 2346 5170">
     <span class='ocr_line' id='line_1_29' title="bbox 422 4249 2252 4334; baseline 0 -16"><span class='ocrx_word' id='word_1_371' title='bbox 422 4255 519 4334; x_wconf 86' lang='lat' dir='ltr'><strong>quinti</strong></span> <span class='ocrx_word' id='word_1_372' title='bbox 549 4268 628 4316; x_wconf 89' lang='lat' dir='ltr'><strong>anno</strong></span> <span class='ocrx_word' id='word_1_373' title='bbox 657 4257 781 4330; x_wconf 78' lang='lat' dir='ltr'><strong>casamo,</strong></span> <span class='ocrx_word' id='word_1_374' title='bbox 811 4252 922 4316; x_wconf 89' lang='lat' dir='ltr'><strong>mensis</strong></span> <span class='ocrx_word' id='word_1_375' title='bbox 944 4249 1059 4332; x_wconf 85' lang='lat' dir='ltr'><strong>tprtlts</strong></span> <span class='ocrx_word' id='word_1_376' title='bbox 1088 4251 1136 4314; x_wconf 91' lang='lat' dir='ltr'><strong>die</strong></span> <span class='ocrx_word' id='word_1_377' title='bbox 1166 4250 1360 4329; x_wconf 87' lang='lat' dir='ltr'><strong>duodecima,</strong></span> <span class='ocrx_word' id='word_1_378' title='bbox 1391 4253 1421 4314; x_wconf 93' lang='lat' dir='ltr'><strong>in</strong></span> <span class='ocrx_word' id='word_1_379' title='bbox 1449 4251 1587 4330; x_wconf 86' lang='lat' dir='ltr'><strong>nospietc</strong></span> <span class='ocrx_word' id='word_1_380' title='bbox 1614 4253 1813 4320; x_wconf 82' lang='lat' dir='ltr'><strong>habitacionis</strong></span> <span class='ocrx_word' id='word_1_381' title='bbox 1843 4255 1961 4320; x_wconf 73' lang='lat' dir='ltr'><strong>bonuti</strong></span> <span class='ocrx_word' id='word_1_382' title='bbox 1994 4265 2025 4320; x_wconf 91' lang='lat' dir='ltr'><strong>et</strong></span> <span class='ocrx_word' id='word_1_383' title='bbox 2052 4258 2178 4324; x_wconf 81' lang='lat' dir='ltr'><strong>discreti</strong></span> <span class='ocrx_word' id='word_1_384' title='bbox 2204 4258 2252 4320; x_wconf 81' lang='lat' dir='ltr'><strong>siri</strong></span> 
     </span>
     <span class='ocr_line' id='line_1_30' title="bbox 422 4367 2251 4466; baseline 0.003 -31"><span class='ocrx_word' id='word_1_385' title='bbox 422 4371 544 4437; x_wconf 83' lang='lat' dir='ltr'><strong>lticardi</strong></span> <span class='ocrx_word' id='word_1_386' title='bbox 561 4369 710 4447; x_wconf 89' lang='lat' dir='ltr'><strong>Waruer,</strong></span> <span class='ocrx_word' id='word_1_387' title='bbox 739 4370 812 4434; x_wconf 84' lang='lat' dir='ltr'><strong>ciris</strong></span> <span class='ocrx_word' id='word_1_388' title='bbox 833 4376 862 4433; x_wconf 91' lang='lat' dir='ltr'><strong>et</strong></span> <span class='ocrx_word' id='word_1_389' title='bbox 884 4369 1037 4450; x_wconf 84' lang='lat' dir='ltr'><strong>pelliparii</strong></span> <span class='ocrx_word' id='word_1_390' title='bbox 1059 4371 1190 4434; x_wconf 88' lang='lat' dir='ltr'><strong>ciuitatis</strong></span> <span class='ocrx_word' id='word_1_391' title='bbox 1210 4367 1346 4433; x_wconf 84' lang='lat' dir='ltr'><strong>Londom</strong></span> <span class='ocrx_word' id='word_1_392' title='bbox 1370 4373 1400 4432; x_wconf 93' lang='lat' dir='ltr'><strong>in</strong></span> <span class='ocrx_word' id='word_1_393' title='bbox 1423 4369 1569 4450; x_wconf 87' lang='lat' dir='ltr'><strong>parocbia</strong></span> <span class='ocrx_word' id='word_1_394' title='bbox 1596 4371 1690 4436; x_wconf 82' lang='lat' dir='ltr'><strong>Maria</strong></span> <span class='ocrx_word' id='word_1_395' title='bbox 1710 4373 1749 4436; x_wconf 91' lang='lat' dir='ltr'><strong>de</strong></span> <span class='ocrx_word' id='word_1_396' title='bbox 1774 4373 1955 4455; x_wconf 81' lang='lat' dir='ltr'><strong>aldermary</strong></span> <span class='ocrx_word' id='word_1_397' title='bbox 1977 4375 2107 4466; x_wconf 72' lang='lat' dir='ltr'><strong>ebercbe</strong></span> <span class='ocrx_word' id='word_1_398' title='bbox 2128 4377 2251 4444; x_wconf 84' lang='lat' dir='ltr'><strong>eiusdem</strong></span> 
     </span>
     <span class='ocr_line' id='line_1_31' title="bbox 422 4487 2346 4586; baseline 0.002 -30"><span class='ocrx_word' id='word_1_399' title='bbox 422 4493 554 4556; x_wconf 91' lang='lat' dir='ltr'><strong>ciuitatis</strong></span> <span class='ocrx_word' id='word_1_400' title='bbox 576 4492 703 4567; x_wconf 92' lang='lat' dir='ltr'><strong>situato,</strong></span> <span class='ocrx_word' id='word_1_401' title='bbox 727 4491 758 4551; x_wconf 90' lang='lat' dir='ltr'><strong>in</strong></span> <span class='ocrx_word' id='word_1_402' title='bbox 780 4492 855 4566; x_wconf 91' lang='lat' dir='ltr'><strong>mei,</strong></span> <span class='ocrx_word' id='word_1_403' title='bbox 878 4489 987 4552; x_wconf 87' lang='lat' dir='ltr'><strong>notarii</strong></span> <span class='ocrx_word' id='word_1_404' title='bbox 1009 4487 1124 4568; x_wconf 88' lang='lat' dir='ltr'><strong>publici</strong></span> <span class='ocrx_word' id='word_1_405' title='bbox 1147 4496 1176 4551; x_wconf 87' lang='lat' dir='ltr'><strong>et</strong></span> <span class='ocrx_word' id='word_1_406' title='bbox 1199 4489 1317 4552; x_wconf 89' lang='lat' dir='ltr'><strong>testium</strong></span> <span class='ocrx_word' id='word_1_407' title='bbox 1341 4489 1581 4570; x_wconf 88' lang='lat' dir='ltr'><strong>subscriptorum</strong></span> <span class='ocrx_word' id='word_1_408' title='bbox 1602 4491 1756 4568; x_wconf 87' lang='lat' dir='ltr'><strong>presentia</strong></span> <span class='ocrx_word' id='word_1_409' title='bbox 1778 4493 1958 4586; x_wconf 85' lang='lat' dir='ltr'><strong>constitutus</strong></span> <span class='ocrx_word' id='word_1_410' title='bbox 1980 4496 2181 4572; x_wconf 86' lang='lat' dir='ltr'><strong>personaliter</strong></span> <span class='ocrx_word' id='word_1_411' title='bbox 2199 4497 2251 4558; x_wconf 89' lang='lat' dir='ltr'><strong>clr·</strong></span> <span class='ocrx_word' id='word_1_412' title='bbox 2345 4569 2346 4574; x_wconf 7' lang='grc' dir='ltr'>η</span> 
     </span>
     <span class='ocr_line' id='line_1_32' title="bbox 422 4605 2250 4690; baseline -0.001 -15"><span class='ocrx_word' id='word_1_413' title='bbox 422 4616 613 4690; x_wconf 88' lang='lat' dir='ltr'><strong>cumspeetus</strong></span> <span class='ocrx_word' id='word_1_414' title='bbox 636 4617 665 4672; x_wconf 92' lang='lat' dir='ltr'><strong>ct</strong></span> <span class='ocrx_word' id='word_1_415' title='bbox 680 4607 829 4672; x_wconf 90' lang='lat' dir='ltr'><strong>discretus</strong></span> <span class='ocrx_word' id='word_1_416' title='bbox 851 4609 906 4683; x_wconf 84' lang='lat' dir='ltr'><strong>sir,</strong></span> <span class='ocrx_word' id='word_1_417' title='bbox 925 4605 1032 4670; x_wconf 91' lang='lat' dir='ltr'><strong>Petrus</strong></span> <span class='ocrx_word' id='word_1_418' title='bbox 1051 4605 1199 4670; x_wconf 77' lang='lat' dir='ltr'><strong>vincentii</strong></span> <span class='ocrx_word' id='word_1_419' title='bbox 1221 4607 1259 4670; x_wconf 90' lang='lat' dir='ltr'><strong>do</strong></span> <span class='ocrx_word' id='word_1_420' title='bbox 1276 4605 1417 4684; x_wconf 85' lang='lat' dir='ltr'><strong>Pharum,</strong></span> <span class='ocrx_word' id='word_1_421' title='bbox 1441 4605 1586 4689; x_wconf 86' lang='lat' dir='ltr'><strong>lllgarbie</strong></span> <span class='ocrx_word' id='word_1_422' title='bbox 1603 4606 1769 4687; x_wconf 88' lang='lat' dir='ltr'><strong>dioceseos,</strong></span> <span class='ocrx_word' id='word_1_423' title='bbox 1792 4617 1822 4674; x_wconf 96' lang='lat' dir='ltr'><strong>et</strong></span> <span class='ocrx_word' id='word_1_424' title='bbox 1843 4609 1969 4676; x_wconf 88' lang='lat' dir='ltr'><strong>bouesta</strong></span> <span class='ocrx_word' id='word_1_425' title='bbox 1986 4613 2097 4678; x_wconf 87' lang='lat' dir='ltr'><strong>molier</strong></span> <span class='ocrx_word' id='word_1_426' title='bbox 2113 4613 2250 4678; x_wconf 83' lang='lat' dir='ltr'><strong>Aldauoia</strong></span> 
     </span>
     <span class='ocr_line' id='line_1_33' title="bbox 420 4724 2249 4806; baseline -0.001 -13"><span class='ocrx_word' id='word_1_427' title='bbox 420 4730 550 4806; x_wconf 83' lang='lat' dir='ltr'><strong>Pentele,</strong></span> <span class='ocrx_word' id='word_1_428' title='bbox 574 4728 786 4792; x_wconf 88' lang='lat' dir='ltr'><strong>Ewcraeensis</strong></span> <span class='ocrx_word' id='word_1_429' title='bbox 814 4727 986 4803; x_wconf 88' lang='lat' dir='ltr'><strong>dioceseos,</strong></span> <span class='ocrx_word' id='word_1_430' title='bbox 1020 4733 1051 4788; x_wconf 84' lang='lat' dir='ltr'><strong>ut</strong></span> <span class='ocrx_word' id='word_1_431' title='bbox 1078 4733 1272 4789; x_wconf 90' lang='lat' dir='ltr'><strong>asseruerunt</strong></span> <span class='ocrx_word' id='word_1_432' title='bbox 1301 4733 1330 4788; x_wconf 92' lang='lat' dir='ltr'><strong>et</strong></span> <span class='ocrx_word' id='word_1_433' title='bbox 1358 4724 1498 4789; x_wconf 81' lang='lat' dir='ltr'><strong>dixerunt</strong></span> <span class='ocrx_word' id='word_1_434' title='bbox 1527 4727 1566 4790; x_wconf 90' lang='lat' dir='ltr'><strong>de</strong></span> <span class='ocrx_word' id='word_1_435' title='bbox 1587 4728 1779 4790; x_wconf 92' lang='lat' dir='ltr'><strong>matrimonio</strong></span> <span class='ocrx_word' id='word_1_436' title='bbox 1809 4729 1886 4792; x_wconf 91' lang='lat' dir='ltr'><strong>inter</strong></span> <span class='ocrx_word' id='word_1_437' title='bbox 1915 4746 1969 4793; x_wconf 92' lang='lat' dir='ltr'><strong>ens</strong></span> <span class='ocrx_word' id='word_1_438' title='bbox 1991 4732 2196 4796; x_wconf 85' lang='lat' dir='ltr'><strong>contrahendo</strong></span> <span class='ocrx_word' id='word_1_439' title='bbox 2215 4729 2249 4792; x_wconf 88' lang='lat' dir='ltr'><strong>nd</strong></span> 
     </span>
     <span class='ocr_line' id='line_1_34' title="bbox 421 4843 2250 4930; baseline -0.002 -18"><span class='ocrx_word' id='word_1_440' title='bbox 421 4858 493 4914; x_wconf 89' lang='lat' dir='ltr'><strong>tunc</strong></span> <span class='ocrx_word' id='word_1_441' title='bbox 523 4847 633 4911; x_wconf 92' lang='lat' dir='ltr'><strong>ibidem</strong></span> <span class='ocrx_word' id='word_1_442' title='bbox 656 4846 778 4910; x_wconf 92' lang='lat' dir='ltr'><strong>insimul</strong></span> <span class='ocrx_word' id='word_1_443' title='bbox 800 4844 1008 4922; x_wconf 84' lang='lat' dir='ltr'><strong>colloquentes</strong></span> <span class='ocrx_word' id='word_1_444' title='bbox 1029 4852 1060 4908; x_wconf 91' lang='lat' dir='ltr'><strong>et</strong></span> <span class='ocrx_word' id='word_1_445' title='bbox 1082 4852 1260 4922; x_wconf 86' lang='lat' dir='ltr'><strong>tractantes,</strong></span> <span class='ocrx_word' id='word_1_446' title='bbox 1289 4852 1380 4924; x_wconf 91' lang='lat' dir='ltr'><strong>prout</strong></span> <span class='ocrx_word' id='word_1_447' title='bbox 1402 4843 1510 4921; x_wconf 85' lang='lat' dir='ltr'><strong>michi,</strong></span> <span class='ocrx_word' id='word_1_448' title='bbox 1538 4847 1657 4908; x_wconf 90' lang='lat' dir='ltr'><strong>notario</strong></span> <span class='ocrx_word' id='word_1_449' title='bbox 1680 4845 1804 4927; x_wconf 91' lang='lat' dir='ltr'><strong>publico</strong></span> <span class='ocrx_word' id='word_1_450' title='bbox 1827 4847 1999 4929; x_wconf 89' lang='lat' dir='ltr'><strong>subscripto</strong></span> <span class='ocrx_word' id='word_1_451' title='bbox 2023 4853 2174 4930; x_wconf 86' lang='lat' dir='ltr'><strong>apperuit.</strong></span> <span class='ocrx_word' id='word_1_452' title='bbox 2217 4847 2250 4910; x_wconf 84' lang='lat' dir='ltr'><strong>Et</strong></span> 
     </span>
     <span class='ocr_line' id='line_1_35' title="bbox 422 4949 2345 5046; baseline -0.002 -16"><span class='ocrx_word' id='word_1_453' title='bbox 422 4964 544 5031; x_wconf 91' lang='lat' dir='ltr'><strong>tandem</strong></span> <span class='ocrx_word' id='word_1_454' title='bbox 566 4964 664 5028; x_wconf 90' lang='lat' dir='ltr'><strong>dictus</strong></span> <span class='ocrx_word' id='word_1_455' title='bbox 686 4961 837 5027; x_wconf 88' lang='lat' dir='ltr'><strong>Vincentil</strong></span> <span class='ocrx_word' id='word_1_456' title='bbox 859 4979 928 5026; x_wconf 93' lang='lat' dir='ltr'><strong>cum</strong></span> <span class='ocrx_word' id='word_1_457' title='bbox 951 4978 1042 5026; x_wconf 91' lang='lat' dir='ltr'><strong>manu</strong></span> <span class='ocrx_word' id='word_1_458' title='bbox 1064 4977 1120 5026; x_wconf 88' lang='lat' dir='ltr'><strong>sua</strong></span> <span class='ocrx_word' id='word_1_459' title='bbox 1142 4962 1265 5027; x_wconf 83' lang='lat' dir='ltr'><strong>dextera</strong></span> <span class='ocrx_word' id='word_1_460' title='bbox 1288 4961 1399 5027; x_wconf 89' lang='lat' dir='ltr'><strong>dictam</strong></span> <span class='ocrx_word' id='word_1_461' title='bbox 1423 4959 1602 5026; x_wconf 72' lang='lat' dir='ltr'><strong>ildonciam</strong></span> <span class='ocrx_word' id='word_1_462' title='bbox 1625 4979 1680 5042; x_wconf 89' lang='lat' dir='ltr'><strong>pcr</strong></span> <span class='ocrx_word' id='word_1_463' title='bbox 1702 4981 1825 5028; x_wconf 92' lang='lat' dir='ltr'><strong>manum</strong></span> <span class='ocrx_word' id='word_1_464' title='bbox 1847 4982 1934 5028; x_wconf 92' lang='lat' dir='ltr'><strong>suam</strong></span> <span class='ocrx_word' id='word_1_465' title='bbox 1957 4967 2112 5032; x_wconf 82' lang='lat' dir='ltr'><strong>dexteram</strong></span> <span class='ocrx_word' id='word_1_466' title='bbox 2135 4969 2249 5046; x_wconf 89' lang='lat' dir='ltr'><strong>capiens</strong></span> <span class='ocrx_word' id='word_1_467' title='bbox 2344 4949 2345 4994; x_wconf 69' lang='lat'><em>³</em></span> 
     </span>
     <span class='ocr_line' id='line_1_36' title="bbox 420 5077 2248 5170; baseline -0.001 -20"><span class='ocrx_word' id='word_1_468' title='bbox 420 5095 449 5150; x_wconf 91' lang='lat' dir='ltr'><strong>et</strong></span> <span class='ocrx_word' id='word_1_469' title='bbox 471 5082 568 5148; x_wconf 89' lang='lat' dir='ltr'><strong>cidem</strong></span> <span class='ocrx_word' id='word_1_470' title='bbox 592 5081 737 5146; x_wconf 89' lang='lat' dir='ltr'><strong>llldancie</strong></span> <span class='ocrx_word' id='word_1_471' title='bbox 759 5081 832 5145; x_wconf 92' lang='lat' dir='ltr'><strong>talia</strong></span> <span class='ocrx_word' id='word_1_472' title='bbox 855 5081 946 5148; x_wconf 85' lang='lat' dir='ltr'><strong>verba</strong></span> <span class='ocrx_word' id='word_1_473' title='bbox 968 5081 1044 5145; x_wconf 88' lang='lat' dir='ltr'><strong>dixit</strong></span> <span class='ocrx_word' id='word_1_474' title='bbox 1066 5091 1094 5146; x_wconf 91' lang='lat' dir='ltr'><strong>et</strong></span> <span class='ocrx_word' id='word_1_475' title='bbox 1116 5081 1260 5163; x_wconf 88' lang='lat' dir='ltr'><strong>protulit:</strong></span> <span class='ocrx_word' id='word_1_476' title='bbox 1296 5077 1396 5166; x_wconf 79' lang='lat' dir='ltr'><strong>“Epo</strong></span> <span class='ocrx_word' id='word_1_477' title='bbox 1425 5078 1545 5146; x_wconf 82' lang='lat' dir='ltr'><strong>Petrus</strong></span> <span class='ocrx_word' id='word_1_478' title='bbox 1575 5079 1737 5150; x_wconf 82' lang='lat' dir='ltr'><strong>Vioeeutt&#39;i</strong></span> <span class='ocrx_word' id='word_1_479' title='bbox 1757 5081 1809 5150; x_wconf 81' lang='lat' dir='ltr'><strong>bic</strong></span> <span class='ocrx_word' id='word_1_480' title='bbox 1831 5082 1927 5170; x_wconf 82' lang='lat' dir='ltr'><strong>cepio</strong></span> <span class='ocrx_word' id='word_1_481' title='bbox 1952 5093 1980 5151; x_wconf 87' lang='lat' dir='ltr'><strong>te</strong></span> <span class='ocrx_word' id='word_1_482' title='bbox 2003 5083 2196 5152; x_wconf 74' lang='lat' dir='ltr'><strong>diductione</strong></span> <span class='ocrx_word' id='word_1_483' title='bbox 2217 5081 2248 5150; x_wconf 85' lang='lat' dir='ltr'><strong>ie</strong></span> 
     </span>
    </p>
   </div>
   <div class='ocr_carea' id='block_1_4' title="bbox 419 5233 723 5249">
    <p class='ocr_par' dir='ltr' id='par_1_5' title="bbox 419 5233 723 5249">
     <span class='ocr_line' id='line_1_37' title="bbox 419 5233 723 5249; baseline -0.013 0"><span class='ocrx_word' id='word_1_484' title='bbox 419 5233 723 5249; x_wconf 61' lang='lat' dir='ltr'><strong>—ur-n———fl-</strong></span> 
     </span>
    </p>
   </div>
   <div class='ocr_carea' id='block_1_5' title="bbox 578 5332 863 5401">
    <p class='ocr_par' dir='ltr' id='par_1_6' title="bbox 578 5332 863 5401">
     <span class='ocr_line' id='line_1_38' title="bbox 578 5332 863 5401; baseline -0.011 -16"><span class='ocrx_word' id='word_1_485' title='bbox 578 5335 602 5401; x_wconf 84' lang='lat'><strong>¹)</strong></span> <span class='ocrx_word' id='word_1_486' title='bbox 634 5332 708 5397; x_wconf 77' lang='lat' dir='ltr'><strong>lttl,</strong></span> <span class='ocrx_word' id='word_1_487' title='bbox 728 5333 805 5398; x_wconf 76' lang='lat' dir='ltr'><strong>April</strong></span> <span class='ocrx_word' id='word_1_488' title='bbox 826 5333 863 5387; x_wconf 82' lang='lat' dir='ltr'><strong>lu.</strong></span> 
     </span>
    </p>
   </div>
   <div class='ocr_carea' id='block_1_6' title="bbox 0 0 2362 6328">
    <p class='ocr_par' dir='ltr' id='par_1_7' title="bbox 0 0 2362 6328">
     <span class='ocr_line' id='line_1_39' title="bbox 0 0 2362 6328; baseline 0 0"><span class='ocrx_word' id='word_1_489' title='bbox 0 0 2362 6328; x_wconf 95' lang='lat' dir='ltr'><strong> </strong></span> 
     </span>
    </p>
   </div>
  </div>
 </body>
</html>
