4716 6330
866 669 974 764 rcus,
1000 671 1063 741 ιιι
1089 669 1148 740 ιι
1863 631 1920 756 sp

109 959 254 1040 predictis,
288 963 397 1035 etque
420 965 498 1018 terre
520 963 550 1053 et
571 971 629 1035 que
649 965 817 1020 tenemento
838 954 951 1022 eisdem
973 955 1135 1038 baduipbo
1155 955 1275 1019 boteler
1296 963 1325 1019 et
1345 955 1474 1021 iohanni
1496 957 1598 1022 Hende
1626 959 1705 1022 ultra
1727 959 1920 1026 donationem

109 1089 134 1144 et
153 1077 383 1160 assignationem
404 1073 555 1156 predictas
576 1083 760 1152 remaneant,
784 1083 813 1138 et
833 1076 882 1139 ubi
905 1083 934 1138 et
956 1075 992 1140 dc
1014 1092 1075 1155 quo
1089 1077 1144 1139 ,uei
1166 1074 1204 1139 de
1225 1077 1333 1154 quibus
1355 1085 1522 1155 teneantur,
1546 1088 1575 1141 et
1591 1095 1648 1161 per
1664 1079 1745 1160 quod
1759 1083 1920 1144 seruicium

7 1249 8 1252 ,
107 1208 132 1262 et
152 1195 278 1276 qualiter
298 1194 499 1275 ecquomodo
521 1202 550 1258 et
572 1203 715 1274 quantum
738 1195 858 1258 ualeant
879 1211 935 1274 per
963 1211 1075 1258 anuum
1098 1195 1128 1257 in
1155 1195 1293 1260 omnibus
1320 1195 1465 1273 exitibus,
1496 1207 1525 1259 et
1551 1199 1578 1260 si
1601 1207 1681 1262 terre
1701 1209 1732 1262 et
1753 1208 1921 1264 teuemcuta

7 1317 8 1356 ³
105 1315 208 1380 eisdem
235 1313 395 1395 liudulpho
422 1311 542 1378 Boteier
568 1321 597 1377 et
621 1312 752 1377 iohanni
780 1312 883 1378 Heude
909 1313 987 1377 ultra
1014 1313 1206 1378 donatiouem
1235 1323 1264 1378 et
1291 1315 1525 1397 assignationem
1555 1317 1706 1395 predictas
1736 1323 1920 1383 remanentia

105 1433 245 1499 sufficiant
266 1432 303 1496 ud
322 1434 558 1508 ¹consuetudines
580 1441 608 1495 et
634 1433 779 1510 seruicia,
813 1441 874 1496 mm
897 1431 934 1496 dc
962 1433 1105 1514 predictis
1124 1435 1290 1516 ,mesuagio
1316 1435 1380 1497 siue
1411 1443 1578 1498 tenemento
1605 1445 1634 1500 et
1661 1437 1733 1500 irato
1760 1442 1804 1501 sic
1831 1437 1920 1516 datis,

104 1572 186 1636 quam
207 1551 245 1615 de
266 1552 335 1616 aliis
357 1553 444 1616 terris
466 1560 496 1615 ct
517 1553 690 1616 tenementis
712 1551 770 1616 sibi
793 1552 925 1628 retentis,
947 1551 1046 1616 debite
1066 1551 1267 1637 iaciendaet
1289 1551 1326 1615 ati
1349 1555 1451 1616 omnia
1473 1553 1532 1617 aba
1555 1569 1666 1633 onera,
1689 1572 1748 1634 que
1769 1558 1919 1621 anabuns-

103 1683 166 1736 runt
186 1681 213 1736 et
234 1673 384 1736 sustinere
405 1679 641 1748 consueuerant,
662 1679 695 1734 ut
716 1671 747 1732 in
769 1672 872 1748 sectis,
896 1671 1026 1748 visibus,
1049 1669 1263 1754 iraucipiegis,
1282 1672 1419 1749 auxiliis,
1453 1672 1604 1755 tulugiis,
1638 1674 1775 1758 uigiliis,
1800 1675 1919 1754 fluibus,

103 1791 363 1870 redemptionibus,
386 1791 636 1866 amerciamentis,
657 1790 928 1854 contributiouibns
950 1797 980 1852 et
1000 1789 1068 1853 aiiis
1085 1791 1323 1870 quibuscumque
1337 1792 1478 1856 oneribus
1490 1793 1714 1875 emergentibus
1729 1795 1921 1872 susb'uuuda3

104 1921 128 1974 et
148 1911 226 1990 quod
249 1908 347 1974 iidcm‘
361 1909 538 1990 iiadulpbus
559 1908 680 1974 Boteicr
701 1917 730 1972 et
750 1907 902 1973 iohannes
923 1907 1027 1972 Hende
1049 1909 1080 1972 iu
1102 1911 1222 1987 assisis,
1252 1911 1359 1973 iuratis
1382 1919 1410 1973 et
1431 1911 1506 1976 «feliis⁴
1523 1913 1778 1994 recognitionibus
1798 1914 1923 1992 quibus-

103 2047 222 2109 cumque
245 2030 320 2110 poni
340 2029 467 2108 possint,
491 2037 583 2107 prout
598 2035 672 2091 ante
694 2027 886 2092 donationem
908 2036 937 2092 et
965 2029 1199 2110 assignationem
1226 2029 1378 2108 predictas
1405 2033 1477 2110 puni
1504 2039 1736 2108 consueverunt,
1772 2037 1813 2096 ita
1839 2032 1921 2113 quod

102 2153 191 2228 patria
218 2148 490 2229 perdonationem
512 2155 540 2211 et
570 2149 802 2230 assignationem
829 2145 898 2212 illas
926 2149 957 2210 in
993 2150 1129 2225 ipsorum
1152 2146 1303 2228 Raduipbi
1325 2147 1445 2212 Buteier
1466 2157 1494 2212 et
1516 2148 1660 2216 tubunnis
1681 2147 1785 2215 iieudc
1806 2151 1923 2217 deiectu

7 2293 8 2298 ¹
102 2273 191 2352 nugis
212 2267 306 2332 sclito
329 2283 389 2331 uon
410 2273 552 2330 oneretur
572 2283 625 2330 seu
647 2274 838 2349 grauaretur.
881 2265 919 2329 Et
938 2267 1163 2345 inquisitionem
1194 2265 1262 2330 iude
1282 2265 1422 2332 distinete
1451 2277 1480 2330 et
1505 2278 1612 2346 aperte
1640 2267 1762 2334 iactum,
1781 2271 1867 2335 nobis
1890 2277 1919 2336 in

102 2388 309 2452 cancellariam
333 2392 465 2450 nostram
488 2386 544 2450 sub
566 2385 669 2469 sigilio
691 2393 742 2449 tuo
765 2394 793 2449 et
815 2385 924 2469 sigiliis
946 2401 1061 2461 corum,
1083 2401 1138 2463 per
1160 2401 1236 2464 quos
1258 2384 1337 2448 iacta
1360 2385 1460 2463 fuerit,
1483 2388 1548 2450 sine
1568 2387 1712 2452 ditatione
1733 2391 1844 2454 mittas.
1885 2391 1921 2455 Et

102 2510 150 2572 hee
170 2509 257 2572 litere
280 2506 350 2572 uste
371 2515 440 2570 sunt
461 2505 542 2587 itege
564 2504 645 2586 apuu
666 2505 979 2580 Westmouasterium,
1002 2502 1081 2565 xtttt
1102 2503 1151 2566 uie
1173 2502 1255 2582 Maii,
1279 2521 1357 2568 auno
1381 2508 1466 2588 regni
1488 2507 1535 2568 sni
1559 2507 1708 2570 tricesimo
1731 2518 1850 2632 quarto

244 2627 392 2693 Executiu
413 2625 503 2689 buius
523 2625 625 2692 breuis
639 2632 728 2708 patet
745 2625 779 2688 in
801 2623 933 2703 quadan
955 2623 1168 2702 inquisitione,
1178 2623 1259 2690 bute
1274 2623 1359 2688 tiuare
1381 2633 1525 2690 consuta
1580 2670 1584 2689 ι
1618 2659 1623 2678 ι
1758 2657 1768 2688 .—

242 2741 431 2833 Responsio
461 2740 617 2819 Wittetmt
638 2739 795 2826 Marone,
818 2739 955 2842 maioris
978 2751 1007 2808 et
1030 2739 1202 2838 esccetoris
1228 2737 1376 2821 teuton.

244 2866 402 2945 inquisitio
424 2871 513 2945 capta
535 2843 615 2944 apud
627 2859 831 2972 Guybaidam
853 2861 983 2926 ciuitatis
1004 2861 1176 2940 Loudonie,
1200 2837 1340 2925 situatam
1363 2866 1393 2925 in
1416 2862 1560 2944 parocbia
1583 2867 1676 2928 sancti
1699 2864 1868 2944 Laurentii,
1892 2869 1921 2930 in

98 2997 187 3052 uetere
206 2986 366 3051 iudaismo
389 2982 535 3060 touton,
558 2997 660 3046 eoram
683 2981 838 3074 Witielmu
860 2981 1008 3060 Marone,
1032 2984 1146 3044 maiore
1168 2979 1244 3044 dicte
1266 2981 1396 3044 ciuitatis
1418 2999 1453 3044 ac
1476 2989 1628 3046 escaetore
1650 2983 1764 3048 domini
1787 2989 1867 3069 regis
1890 2989 1919 3050 iu

99 3107 194 3172 eadem
217 3108 358 3180 ciuitate,
392 3101 440 3167 die
462 3101 588 3166 Veneris
610 3101 749 3182 proxima
777 3107 845 3166 ante
871 3098 981 3164 testum
1007 3101 1102 3166 sancti
1124 3099 1282 3167 Duustaui
1298 3101 1449 3182 episcopi,
1478 3119 1557 3169 auno
1585 3103 1671 3185 regni
1699 3105 1780 3188 regis
1801 3103 1923 3169 Henrici

99 3230 165 3290 serti
186 3234 259 3306 post
283 3230 478 3302 conquestum
501 3221 655 3286 tricesimo
675 3226 799 3299 quarto,
833 3221 938 3282 virtute
960 3217 1116 3285 cuiusdam
1138 3219 1240 3284 breuis
1267 3218 1344 3284 dieti
1364 3218 1477 3284 domiui
1506 3221 1602 3304 regis,
1633 3221 1730 3287 eidem
1757 3225 1865 3288 maiori
1893 3235 1922 3289 at

7 3383 8 3386 =
98 3348 238 3410 eseaeturi
261 3343 377 3408 directe
397 3349 427 3408 et
454 3339 525 3404 buic
551 3339 737 3418 inquisitioni
765 3345 907 3416 cousute,
935 3355 991 3418 per
1011 3347 1232 3402 sacramentum
1254 3335 1372 3402 'ibome
1392 3337 1478 3416 Beie,
1506 3338 1628 3404 liuberti
1650 3328 1769 3422 Bryon,
1799 3341 1922 3408 liuberti

98 3463 385 3548 buytet,‘iidnardi
405 3461 529 3543 Eynue,
551 3459 668 3525 Thome
687 3457 830 3533 Baxstec,
852 3456 997 3521 iubaunis
1018 3456 1056 3520 do
1078 3436 1182 3536 Do'un,
1205 3456 1320 3522 Thone
1341 3455 1543 3538 Ftbaunucys,
1566 3457 1712 3528 iohannis
1728 3459 1921 3544 'Caryngtom

95 3583 233 3650 iohannis
246 3581 421 3659 Levesbam,
442 3579 589 3644 iohannis
601 3577 728 3660 leopos,
749 3573 1377 3651 iidmuudiTaiiiour,iohannisbcwstuu
1398 3585 1427 3639 et
1443 3575 1690 3644 RobertiWuiie.
1734 3577 1796 3661 Qui
1818 3581 1922 3648 dicunt

97 3721 181 3784 super
202 3709 430 3770 sacramentum
451 3715 551 3778 suum,
574 3696 654 3778 quud
678 3712 737 3761 nou
759 3704 805 3763 est
826 3694 865 3760 ati
887 3693 1053 3774 dampnum
1077 3711 1173 3776 neque
1194 3694 1393 3776 preiudicium
1415 3695 1529 3760 domiui
1553 3697 1632 3779 regis
1655 3713 1708 3762 nec
1730 3699 1872 3779 aliorum,
1895 3704 1921 3766 si

96 3823 168 3888 idem
191 3825 335 3888 ιιιιιιιιιιι
356 3837 409 3884 rex
432 3816 577 3885 concedat
597 3815 758 3896 badulphu
779 3813 902 3878 Botiiier
929 3813 966 3877 de
988 3812 1118 3893 Sudeiey
1145 3822 1175 3876 et
1195 3813 1324 3881 iohanni
1346 3812 1449 3878 Heude
1475 3816 1603 3892 iuniori,
1637 3821 1805 3900 armigero,
1839 3821 1921 3900 quod

98 3947 151 4022 ipsi
171 3961 266 4008 unum
290 3942 478 4032 mesuagium
498 3935 587 4018 (scie
605 3933 645 4005 io
665 3929 907 4006 corstsbeotiem
930 3929 1100 4020 Rescripta
1122 3929 1200 4014 bis)
1221 3935 1453 4014 imperpetuum,
1491 3933 1534 3996 iit
1555 3933 1695 4002 similiter
1714 3936 1921 4004 dicuntitdem

93 4059 257 4140 iuratores,
292 4059 373 4140 quoti
395 4057 584 4143 mesuagium
604 4057 670 4121 siue
692 4060 894 4118 tenementum
920 4051 1055 4134 predicta
1087 4068 1155 4116 cum
1183 4052 1253 4117 taio
1279 4050 1434 4120 adiacente
1460 4061 1597 4117 tenentur
1623 4054 1661 4119 de
1688 4054 1786 4126 dieto,¹
1799 4043 1922 4124 domino

96 4199 161 4265 rege
183 4185 214 4246 iu
237 4182 345 4245 libero
359 4177 517 4260 burgagio,
539 4177 701 4242 sicuttota
724 4174 831 4238 ciuitas
853 4172 977 4236 ionum
1000 4178 1129 4250 ῑιιιιιι,
1162 4179 1192 4239 et
1213 4169 1294 4251 quui
1323 4171 1403 4240 item
1425 4175 1618 4256 mesuagium·
1633 4175 1698 4238 siue
1721 4184 1921 4246 tenementum

95 4317 158 4365 cum
180 4303 254 4366 kaio
278 4297 416 4378 predicto
438 4293 592 4364 ιιιιιιιιιι
621 4292 719 4361 valeat
734 4308 804 4370 ,per
829 4307 942 4355 annum
971 4291 1002 4354 iu
1029 4290 1168 4364 omnibus
1195 4289 1324 4372 exitibus
1352 4291 1435 4364 iuxta
1462 4307 1568 4358 verum
1596 4292 1730 4359 valorem
1755 4295 1921 4361 eorundem

95 4429 159 4485 ueto
181 4421 296 4496 libras,
325 4424 356 4482 et
376 4415 457 4496 quot
478 4413 555 4482 nulii
576 4415 634 4479 siut
655 4410 746 4479 mettii
768 4411 847 4478 inter
868 4408 980 4474 dictum
1003 4407 1158 4473 dominum
1186 4425 1291 4492 regent
1318 4417 1348 4474 et
1376 4407 1510 4487 prefatos
1531 4399 1724 4490 ttauupnun
1745 4410 1872 4477 Botitter
1892 4422 1921 4478 et

94 4539 261 4604 ictuanuem
282 4535 386 4602 iienuie
407 4534 445 4600 de
466 4535 622 4616 mesuagio
640 4535 709 4596 'siue
730 4537 899 4606 tenemento
922 4545 989 4594 cum
1012 4528 1082 4592 taio
1105 4527 1247 4607 predictis
1254 4547 1266 4605 3
1300 4535 1328 4590 et
1356 4526 1436 4607 quod
1459 4538 1636 4592 remaneant
1656 4529 1737 4594 dicto
1759 4529 1921 4613 Raduipbo

94 4656 226 4737 Butiiier,
251 4653 547 4724 uitrauouationeut
569 4659 599 4714 et
620 4652 845 4718 concessionem
867 4648 948 4725 titas,
970 4649 1028 4710 tria
1049 4650 1204 4729 mesuagia
1226 4663 1294 4710 cum
1317 4647 1505 4725 pertiuentiis
1528 4648 1559 4710 in
1573 4647 1718 4726 parocbia
1737 4658 1840 4713 sancte
1852 4649 1921 4713 biit·

95 4777 181 4842 drede
203 4779 237 4842 in
257 4773 388 4840 Poletria
406 4769 570 4848 londonie,
593 4787 652 4850 que
673 4768 772 4837 valent
792 4784 849 4849 per
869 4783 982 4844 anuum
1005 4767 1035 4830 iu
1058 4765 1198 4830 omnibus
1219 4766 1348 4831 exitibus
1371 4767 1453 4832 iuxta
1476 4783 1578 4830 uerum
1601 4765 1734 4832 vaureu
1756 4768 1920 4839 eorundem

95 4900 320 4980 mesuagiorum
342 4891 598 4974 vigintimarcas,
621 4903 679 4968 que
701 4887 997 4980 similitetteneutur
1017 4883 1055 4951 tie
1077 4884 1156 4948 dicto
1178 4883 1300 4950 domino
1321 4901 1395 4966 rege
1415 4885 1447 4948 in
1470 4884 1567 4960 libero
1583 4885 1742 4969 burgagio,
1765 4888 1844 4954 sicut
1860 4897 1921 4954 tota

94 5017 199 5082 ciuitas
220 5011 349 5081 london
372 5019 525 5082 tanetus,
542 5005 691 5086 ΕιιιιοιιΙ
705 5006 843 5084 similiter
864 5011 1038 5075 remaneant
1059 5001 1177 5084 prefato
1198 5001 1329 5068 iohanni
1350 5001 1453 5068 tiende
1481 5003 1561 5068 ultra
1582 5003 1776 5082 donationem
1797 5015 1827 5072 ct
1848 5025 1920 5074 con·

94 5139 263 5199 cessionem
285 5130 436 5213 predictas
459 5131 516 5191 tria
538 5129 599 5190 alia
626 5127 781 5207 mesuagia
809 5126 841 5188 iu
869 5123 1004 5205 predicta
1033 5122 1177 5204 parocbia
1206 5132 1309 5187 sancte
1336 5121 1517 5187 biiidrede
1509 5139 1541 5184 in
1568 5122 1697 5187 Poietria
1718 5123 1919 5211 londonensi,

93 5272 147 5334 que
170 5255 275 5318 ualent
295 5269 351 5334 per
371 5265 483 5360 anuum
506 5251 537 5311 iu
560 5247 699 5312 omuibus
720 5245 849 5309 exitibus
869 5245 952 5307 iuxta
972 5258 1074 5306 uenum
1092 5241 1225 5306 valorem
1248 5257 1354 5306 eorum
1375 5242 1479 5326 uiginti
1501 5259 1630 5321 marcas,
1653 5252 1682 5307 et
1704 5260 1762 5322 que
1784 5245 1922 5312 similiter

96 5382 233 5438 tenentur
256 5372 294 5436 tie
316 5370 397 5436 dicto
419 5340 542 5434 domiuo
564 5384 635 5450 rege
656 5368 687 5430 in
710 5365 805 5430 iibero
828 5328 992 5447 burgagio,
1023 5365 1099 5426 sicut
1122 5369 1183 5426 tota
1206 5364 1313 5425 ciuitas
1335 5355 1464 5429 Loudou
1483 5369 1609 5438 tenetur.
1653 5347 1695 5444 Et
1712 5364 1794 5446 quot
1815 5365 1920 5439 eadem

157 5525 324 5591 ibtbeiiung
337 5526 372 5577 11.
1686 5515 1718 5570 ta
