4716 6330
408 655 466 737 58
576 631 578 638 V
1129 648 1238 744 ltro,
1265 647 1447 724 November
1467 647 1526 722 21ss

410 938 562 1023 magnifici
581 940 645 1015 riri,
664 938 801 1022 magistri
813 936 920 1002 Prucie
936 935 1098 1020 generalis,
1112 953 1149 1000 ac
1165 935 1390 1002 honorabilium
1408 941 1553 1015 tuomum,
1571 940 1775 1003 communium
1791 938 1945 1002 civitatum
1960 933 2061 1001 llanse
2078 935 2235 1002 tiemonice

409 1065 561 1135 oratores,
595 1056 708 1120 dudum
727 1057 761 1118 in
784 1054 878 1134 opido
899 1054 1083 1139 Bruggcnsi,
1117 1072 1174 1136 pro
1197 1065 1300 1120 mutue
1322 1058 1423 1140 pacis,
1457 1047 1628 1120 dilectionis
1651 1063 1680 1118 et
1701 1057 1838 1120 amicicie
1860 1059 1939 1120 inter
1965 1071 2021 1119 uos
2049 1063 2079 1118 et
2108 1057 2236 1136 ipsosne

410 1185 530 1240 nostros
552 1176 690 1239 subditos
711 1173 915 1239 stabilimento
931 1183 1143 1257 congregatos,
1167 1191 1261 1255 usque
1283 1173 1313 1238 in
1337 1171 1630 1239 terciumdecimum
1653 1173 1882 1238 diemlanuarii
1900 1171 2006 1239 ultimo
2028 1176 2088 1238 iam
2111 1174 2236 1253 elapsum
2316 1181 2320 1191 '

409 1296 677 1377 prorogacicnem,
712 1304 833 1358 nostras
855 1297 931 1372 ipsis
953 1293 1120 1371 dictorum,
1150 1294 1302 1376 magnifici
1332 1295 1387 1356 riri
1416 1303 1445 1358 et
1473 1295 1605 1358 virorum
1627 1293 1775 1358 nobilium
1798 1293 2069 1358 ambasiatoribus
2097 1311 2151 1358 seu
2178 1294 2236 1357 otiis

409 1417 545 1493 ipsorum
576 1414 645 1478 loeo
671 1413 845 1496 subrogatis
875 1412 985 1476 adtunc
1013 1412 1213 1476 residentibus
1242 1413 1271 1475 in
1300 1413 1383 1478 dicto
1410 1414 1503 1494 opido
1530 1412 1699 1496 Brnggenst
1726 1414 1831 1478 literas
1857 1415 2018 1492 scripsisse
2046 1421 2076 1477 et
2102 1413 2237 1476 direxisse

408 1533 615 1610 meminimus,
644 1533 727 1613 ipsos
750 1531 923 1609 exorando,
951 1535 1110 1610 quatinus,
1140 1539 1253 1595 artemo
1281 1533 1363 1610 quod
1391 1533 1576 1618 nostratibus
1604 1533 1673 1596 talis
1702 1533 1863 1597 accedendi
1892 1532 1929 1594 ad
1959 1535 2059 1612 ipsum
2088 1531 2185 1596 locum
2204 1531 2236 1593 de

330 1637 342 1662 ’
407 1651 539 1737 bruggis
560 1649 689 1715 facultas
717 1659 787 1714 tunc
815 1652 938 1714 minime
965 1652 1079 1729 patuit,
1109 1659 1200 1732 prout
1223 1651 1350 1714 necdum
1373 1661 1469 1730 patet,
1501 1651 1601 1732 qualis
1623 1659 1692 1715 unte
1720 1652 1775 1716 bec
1806 1659 1942 1732 tempora
1969 1651 2084 1714 eisdem
2112 1654 2236 1732 patuisse

409 1772 593 1847 dinoscitur,
627 1771 665 1833 ad
688 1769 858 1834 uberiorem
878 1769 951 1834 dicti
974 1771 1092 1852 negocii
1122 1770 1348 1851 expedicionem
1376 1769 1415 1834 ad
1442 1769 1545 1834 villam
1572 1779 1708 1835 nostram
1731 1769 1850 1835 Calesie
1871 1787 1944 1853 erga
1966 1771 2063 1848 diem,
2100 1779 2236 1851 utsupra

409 1890 530 1967 (intur,
554 1890 712 1971 prefixum,
735 1893 802 1967 ipsa
824 1887 862 1951 de
885 1904 976 1952 causa
998 1885 1142 1953 accedere
1162 1888 1283 1954 vellent.
1327 1885 1421 1953 Cuius
1443 1891 1487 1952 rel
1509 1903 1563 1970 spe
1585 1896 1615 1953 et
1629 1889 1919 1967 conllderciadncti,
1943 1899 2064 1953 nostros
2078 1903 2152 1972 erga
2167 1890 2236 1952 dmm

410 2009 497 2072 illum
520 2009 575 2072 illo
596 2009 818 2072 transmisimus
841 2014 994 2085 oratorcs3
1018 2009 1069 2086 qui
1092 2012 1233 2072 continue
1254 2010 1330 2072 citra
1357 2020 1474 2072 moram
1503 2007 1615 2072 ibidem
1644 2017 1801 2073 traxerunt
1828 2017 1858 2072 et
1886 2008 2010 2073 trabunt
2038 2009 2078 2072 de
2106 2012 2238 2088 prasenti

411 2129 569 2192 adrentum
593 2128 857 2204 ambassiatornm,
879 2126 919 2189 de
940 2127 1050 2205 quibus
1069 2127 1231 2206 prefertur,
1255 2125 1377 2192 assidue
1392 2127 1605 2207 prestolantes.
1641 2127 1764 2206 Verum,
1787 2127 1983 2192 honorabiles
2001 2137 2031 2191 et
2048 2129 2162 2211 egregii
2180 2130 2237 2203 riri,

410 2263 479 2310 cum
501 2246 620 2328 pridem
643 2263 660 2309 a
683 2253 850 2310 memorato
873 2249 937 2308 viro
959 2246 1131 2329 magnifico,
1154 2247 1301 2329 magistro
1325 2245 1441 2324 Pmcie,
1465 2247 1569 2311 literas
1591 2247 1679 2310 nobis
1701 2265 1738 2310 er
1761 2263 1852 2310 causa
1873 2246 2023 2325 prelibata
2045 2247 2176 2311 directas
2197 2263 2237 2309 re

411 2367 591 2446 ceperimus,
614 2366 725 2444 quibus
748 2382 803 2428 nos
825 2369 957 2446 rogauit,
980 2374 1012 2427 ut
1035 2367 1294 2428 transmissionem
1317 2364 1571 2430 ambassiatorum
1595 2381 1720 2429 suorum
1742 2367 1887 2430 hactenus
1910 2366 2095 2430 retardatam
2118 2381 2174 2445 pro
2195 2383 2239 2428 er·

410 2494 514 2549 cucata
537 2484 650 2548 babere
672 2482 816 2558 velimus,
844 2489 966 2545 nostros
986 2489 1126 2546 oratores
1147 2499 1208 2563 pro¹
1228 2484 1451 2564 complemento
1472 2489 1576 2564 operis
1598 2484 1677 2548 alius
1699 2484 1832 2550 inchoati
1861 2485 1900 2548 ad
1927 2485 2041 2550 dicium
2064 2484 2187 2564 opidum
2208 2485 2240 2547 dr

410 2604 541 2686 Bruggis
564 2605 783 2677 transmissuri,
807 2616 863 2662 nos
884 2599 1128 2678 considerantes,
1162 2602 1243 2680 quod
1266 2603 1387 2685 singula
1417 2605 1448 2666 iu
1476 2603 1535 2666 boc
1562 2603 1700 2667 mutabili
1727 2606 1830 2668 seculo
1859 2603 2032 2687 peragenda
2060 2604 2238 2684 temporibus

410 2723 449 2786 ab
472 2721 604 2784 bumana
628 2695 986 2800 providencia'limitatls,
1012 2725 1044 2783 ut
1064 2721 1323 2800 dispositumst,
1346 2721 1451 2800 perlici
1474 2734 1533 2784 non
1557 2722 1713 2800 valebunt,
1740 2725 1908 2804 quinimmo
1930 2722 2010 2802 quod
2033 2725 2120 2786 noris
2143 2740 2241 2803 super·

411 2841 600 2904 venientibus
621 2841 770 2922 negociis,
802 2853 878 2900 nora
901 2841 1059 2901 conveniat
1081 2838 1214 2903 remedia
1236 2839 1412 2919 providere,
1437 2848 1552 2905 tantam
1576 2841 1815 2905 retardacionem
1838 2843 2039 2923 equanimiter
2060 2842 2236 2918 tollerantes,

411 2975 464 3024 ros
486 2973 664 3038 precemur,
687 2957 845 3036 quatinus,
868 2960 1017 3034 premissa
1040 2959 1231 3022 insecuritate
1254 2966 1428 3023 nostrorum
1450 2957 1490 3023 ad
1512 2959 1616 3023 villam
1638 2961 1677 3024 de
1697 2960 1846 3044 Broggis,
1870 2969 1903 3024 ut
1923 2970 2064 3040 optatur,
2088 2961 2239 3026 veniendo

411 3093 480 3142 rum
502 3079 584 3141 clare
606 3086 634 3141 et
656 3076 818 3159 diligenter
838 3075 1046 3154 considerata,
1079 3077 1179 3140 locunt
1202 3079 1302 3159 ipsum
1324 3093 1382 3157 pro
1404 3081 1601 3142 conventione
1620 3078 1795 3142 huiusmodi
1818 3079 1957 3143 habenda
1979 3085 2115 3158 mutare,
2145 3087 2173 3144 et
2194 3085 2239 3142 aut

411 3199 441 3262 in
465 3198 567 3261 villam
590 3203 725 3261 nostram
747 3195 881 3272 Calesie,
904 3196 929 3257 si
953 3195 1038 3259 robis
1059 3204 1210 3276 oportuna
1232 3197 1387 3275 videabar,
1411 3205 1462 3260 aut
1484 3199 1514 3262 in
1538 3213 1665 3280 reguum
1690 3207 1827 3262 nostrum
1850 3197 1958 3282 Anglio
1980 3201 2020 3263 ob
2042 3201 2238 3279 complemen-

411 3326 474 3381 tum
496 3323 642 3380 traotutus
663 3313 790 3396 predicti
812 3313 966 3378 declinare
989 3312 1102 3392 velitis3
1137 3317 1259 3393 scituri,
1294 3316 1374 3397 quod
1404 3318 1430 3380 si
1460 3318 1498 3380 ad
1528 3315 1632 3380 villam
1661 3323 1797 3380 nostrum
1825 3315 1944 3382 Calesie
1973 3320 2071 3400 magis
2098 3319 2239 3401 elegeritis

412 3435 571 3512 accedere,
601 3433 674 3498 illuc
696 3440 817 3496 nostros
839 3439 978 3496 oratores
1000 3433 1090 3513 plena
1112 3441 1260 3513 potestate
1283 3433 1405 3499 lulcitos
1428 3437 1584 3514 reperietis
1591 3453 1601 3513 3
1634 3436 1680 3498 sin
1708 3443 1809 3500 autem
1832 3451 1959 3519 regnum
1982 3445 2118 3502 uostmm
2140 3436 2238 3521 llugtie

411 3555 495 3618 adire
510 3553 715 3627 decreueritis‚
738 3567 794 3615 nos
813 3552 850 3615 de
867 3551 999 3615 aduentu
1017 3559 1116 3616 vestro
1132 3555 1239 3635 gavisi,
1262 3563 1350 3634 grato
1372 3570 1425 3617 ros
1444 3556 1545 3617 animo
1562 3553 1716 3634 suscipere
1733 3553 1939 3634 disponimus:
1962 3555 2144 3620 conbdentes
2165 3555 2238 3635 qnod
2349 3593 2350 3604 κ

412 3676 442 3736 in
466 3673 560 3736 nostri
583 3679 613 3734 et
634 3670 876 3734 consiliariorum
900 3679 1073 3734 nostrorum
1091 3674 1249 3750 presencia
1265 3673 1332 3751 ipse
1351 3689 1400 3736 res
1416 3672 1505 3736 linem
1523 3675 1644 3753 assequi
1664 3673 1784 3752 valebit,
1807 3680 1899 3754 prout
1914 3675 2032 3739 iusticia
2051 3677 2190 3759 exegerit,
2212 3675 2237 3736 in

412 3793 552 3855 omnibns
574 3791 757 3873 gracicrem.
802 3788 845 3850 lle
867 3795 967 3851 restro
989 3797 1088 3852 autem
1111 3791 1141 3852 in
1163 3790 1220 3854 hac
1243 3807 1275 3854 re
1297 3789 1425 3854 tenendo
1447 3792 1616 3872 proposito,
1645 3807 1799 3874 mgamus,
1822 3793 1902 3874 quod
1925 3809 1981 3859 nos
2003 3793 2130 3859 reddere
2152 3793 2238 3858 velitis

412 3913 571 3985 certiores,
606 3907 645 3971 ad
674 3906 762 3970 flnem
794 3906 875 3985 quod
903 3915 932 3968 et
954 3923 1011 3970 nos
1033 3906 1071 3970 de
1093 3916 1192 3972 vestra
1214 3907 1420 3986 disposicione
1442 3909 1615 3987 certificati,
1650 3911 1804 3975 vobiscum
1827 3918 1987 3991 cooperari
2010 3913 2179 3991 valeamus,
2210 3921 2238 3974 nt

412 4030 490 4092 inter
511 4043 568 4090 nos
589 4034 620 4090 et
640 4041 693 4089 ros
716 4025 852 4088 amicicia
873 4031 978 4088 mutua
1002 4026 1122 4089 vinculo
1140 4019 1345 4091 indissolubili
1364 4025 1403 4090 de
1420 4036 1521 4090 cetero
1534 4035 1740 4094 conservetur.
1778 4029 1983 4096 lionorabiles
2002 4041 2031 4096 et
2049 4035 2163 4116 egregii
2178 4033 2236 4107 riri,

411 4155 527 4210 vestras
552 4145 708 4210 amicicias
729 4144 837 4208 merito
856 4143 957 4208 nubis
979 4161 1069 4208 naras
1089 4145 1264 4210 altissimos
1285 4161 1408 4225 semper
1427 4147 1542 4230 dirigat
1562 4145 1692 4213 bibitor
1712 4157 1742 4214 et
1764 4151 1871 4216 rotire.
1916 4149 2028 4216 ilatum
2049 4153 2106 4216 sub
2129 4154 2236 4232 privato

411 4267 513 4350 sigillo
536 4272 651 4342 nostro,
674 4266 704 4326 in
726 4263 853 4341 pallatio
875 4271 979 4327 nostro
995 4261 1269 4341 Westmonasterii,
1292 4263 1382 4328 xxti.
1406 4264 1455 4329 die
1473 4263 1596 4348 Aprilis,
1620 4281 1701 4330 anno
1723 4270 1809 4350 regni
1832 4271 1927 4332 nostri
1949 4271 2185 4350 quartodecimo.
2231 4331 2237 4350 ‚

276 4651 279 4661 Ι
410 4516 658 4607 mxxviii.
705 4521 828 4627 ncnq
851 4519 979 4624 Honrp
1009 4520 1069 4601 Vr.
1096 4549 1148 4602 mc
1173 4531 1282 4604 seiae
1307 4520 1572 4606 iotlbecmtec
1592 4552 1640 4606 au
1661 4523 1822 4608 noanon
1844 4530 2082 4634 pericblelec
2108 4531 2238 4612 Verbot

595 4678 666 4758 der
689 4673 856 4778 dissuis
884 4701 958 4755 ooo
989 4674 1160 4756 Wourcre
1191 4702 1266 4757 nats
1289 4677 1498 4759 Fluudero.
1560 4677 1680 4782 1436,
1711 4679 1923 4763 November
1946 4684 2008 4764 21.
2029 4683 2064 4785 ¹)

565 4859 727 4937 deuncos,
761 4856 816 4921 Dei
843 4858 947 4940 gracia
978 4873 1032 4920 rex
1054 4857 1163 4941 Auglie
1185 4867 1214 4922 et
1236 4857 1361 4924 Francia
1389 4868 1419 4923 et
1444 4860 1585 4925 dominus
1606 4859 1761 4941 llibemie,
1795 4867 1986 4928 custumariis
2015 4867 2078 4930 suis
2105 4869 2237 4948 inportu

408 4982 537 5047 civitatis
554 4977 771 5042 londoniensis
792 4983 822 5039 et
843 4977 1003 5041 scrutatori
1026 4983 1131 5040 nostro
1151 4977 1184 5040 in'
1206 4976 1311 5044 eodem
1334 4987 1423 5060 portu
1447 4979 1587 5046 salutem.
1630 4979 1823 5062 Quamquam
1846 4977 1974 5048 rebelles
1995 4989 2093 5048 nostri
2109 4985 2240 5050 Flandric

410 5115 552 5186 guerram
570 5095 658 5161 nobis
677 5105 705 5160 et
722 5095 861 5158 fidelibus
879 5095 992 5159 nostris
1013 5103 1076 5158 tam
1094 5113 1149 5176 per
1166 5103 1277 5162 terram
1293 5113 1385 5176 quem
1407 5116 1463 5180 per
1482 5116 1576 5179 mare,
1599 5101 1695 5166 indies
1715 5099 1827 5166 iaciant
1849 5108 1878 5166 et
1897 5099 1997 5166 iacere
2015 5119 2075 5171 non
2092 5104 2236 5183 desistant,

568 5349 594 5417 Ι)
620 5348 680 5401 Ans
698 5349 760 5402 dem
778 5347 913 5413 originale
931 5352 979 5403 des
999 5350 1220 5415 bamburgiscben
1239 5349 1374 5405 Arebires.
