4716 6330
426 621 482 707 92
786 671 797 700 ,
1182 615 1290 712 luno,
1312 618 1378 690 uei
1407 615 1465 690 lb.

423 907 460 972 de
471 891 642 976 'huuewett
657 925 713 987 per
730 905 1074 992 homagiumddelitatis
1095 916 1125 971 et
1146 877 1251 991 viginti
1269 907 1420 986 denarios,
1443 906 1490 972 ad.
1503 906 1651 972 auxilium
1668 907 1772 970 ricerii
1787 904 1827 970 ad
1842 906 2017 986 predictum
2036 904 2156 970 festum
2172 909 2265 970 mucii

424 1027 579 1092 Michaelis
601 1027 739 1092 similiter
760 1028 913 1090 aunuatim
943 1026 1122 1104 soluendum
1154 1035 1184 1092 et
1205 1027 1317 1092 dietum
1338 1027 1505 1092 manerium
1527 1027 1566 1090 de
1588 1024 1803 1092 Bacohsworth
1825 1043 1881 1106 per
1901 1025 2091 1110 homagium
2114 1024 2265 1090 bdcliteth

424 1154 453 1209 et
474 1147 578 1231 viginti
601 1147 758 1222 denarios,
781 1146 821 1210 ad
842 1147 989 1213 auxilium
1010 1147 1121 1210 sicarii.
1136 1145 1174 1210 ad
1196 1146 1274 1210 idem
1291 1145 1408 1210 deatum
1428 1149 1532 1210 sancti.
1547 1144 1701 1210 llicbaelis
1718 1146 1813 1210 mam
1831 1143 2018 1224 solttendos3
2045 1152 2082 1207 ct
2099 1143 2188 1208 dicta
2208 1143 2265 1206 dne
2335 1187 2336 1260 ,

424 1275 523 1332 crosta
541 1266 746 1349 etgteue(m)
757 1266 947 1344 usmboscis,
966 1282 1025 1346 que
1036 1282 1132 1346 nuper
1145 1263 1406 1344 toemntpreuteu
1415 1263 1532 1330 Thomu
1543 1263 1901 1345 Wepspperddelitatem
1913 1262 2119 1330 etredditaru
2136 1265 2264 1342 numme
2335 1261 2336 1264 ’

422 1387 588 1450 solidorum
615 1393 644 1452 et
670 1403 723 1450 ses
751 1385 964 1463 denariorum
991 1393 1021 1448 et
1042 1383 1121 1448 dicta
1150 1393 1246 1448 terras
1268 1391 1299 1448 et
1317 1391 1405 1462 prata
1428 1400 1499 1448 curo
1518 1384 1636 1458 boscis,
1665 1383 1787 1464 sepibus
1808 1391 1838 1448 et
1859 1381 1982 1448 iossath
2003 1397 2117 1462 nuper
2138 1382 2262 1462 predicti

422 1505 533 1589 llogeri
549 1505 681 1568 Downer
702 1523 758 1586 per
777 1505 951 1569 fidelitatem
968 1513 997 1569 et
1018 1503 1166 1568 redditum
1182 1500 1352 1581 quindecim
1375 1502 1542 1567 solidorum
1557 1512 1587 1566 et
1607 1511 1738 1582 quawor
1753 1502 1948 1568 denariorum
1955 1522 1966 1579 ;
1989 1511 2024 1566 et
2042 1501 2188 1582 predicte
2211 1505 2261 1564 tria

421 1633 538 1702 crusta,
569 1631 673 1688 vocata
695 1623 851 1704 llawlrpns
873 1624 901 1687 le
922 1623 1018 1700 llere,
1047 1639 1102 1704 per
1122 1621 1295 1686 fidelitatem
1322 1629 1351 1684 et
1371 1620 1523 1690 redditum
1543 1629 1658 1703 septem
1679 1621 1847 1687 solidorum
1872 1629 1904 1684 et
1930 1635 1984 1686 sax
2005 1622 2215 1686 denariorum
2235 1629 2263 1682 et

423 1745 511 1807 unius
534 1744 610 1806 libre
632 1743 765 1824 piperis;
792 1750 821 1804 et
843 1742 922 1806 dicta
944 1744 1103 1826 curtilagia
1125 1757 1194 1806 cum
1215 1739 1350 1820 gordinis
1372 1749 1401 1806 et
1428 1742 1522 1806 trihus
1544 1743 1725 1808 acristerre
1747 1744 1777 1804 in
1801 1740 1938 1806 Wetlord
1961 1739 2130 1820 predicta,
2161 1749 2259 1804 vocata

422 1863 596 1946 blahettps,
623 1879 681 1946 per
701 1861 873 1928 fidelitatem
895 1870 925 1924 et
946 1861 1095 1926 redditum
1115 1862 1207 1926 trium
1230 1860 1398 1928 solidorum
1419 1870 1451 1946 et
1468 1868 1603 1942 neutum
1624 1861 1836 1938 dertarlorum3
1865 1869 1896 1924 et
1914 1860 2032 1926 dictum
2058 1859 2257 1942 mesuagium,

423 1981 576 2066 quondam
594 1981 741 2074 lobannis
755 1981 824 2044 Atte
842 1980 935 2058 More,
959 1999 1013 2062 per
1035 1979 1206 2046 fidelitatem
1228 1987 1257 2043 et
1279 1979 1429 2047 redditum
1453 1979 1843 2073 duodecimdenariorum
1864 1989 1894 2044 et
1914 1978 2031 2050 dictum
2056 1979 2254 2060 mesuagium,

421 2101 574 2182 quondam
592 2100 706 2164 Thome
723 2099 887 2182 Blalrettys,
910 2116 964 2180 per
982 2097 1153 2164 lldelitetem
1176 2107 1206 2162 et
1228 2099 1377 2164 redditum
1395 2099 1524 2164 duorum
1540 2070 1712 2184 ¹solidorum
1734 2107 1764 2162 et
1780 2073 1847 2163 octo
1866 2097 2081 2174 denariorum,
2107 2098 2255 2162 annuatim

419 2220 648 2286 soluendorum.
692 2217 800 2284 Sciatis
822 2237 895 2300 nos,
924 2217 1058 2300 prelatos
1080 2219 1218 2282 abbatem
1240 2227 1270 2282 et
1291 2225 1488 2296 conuentum,
1517 2225 1643 2297 statum,
1671 2197 1790 2283 tilulum
1819 2225 1849 2282 et
1869 2219 2106 2297 possessionem
2135 2216 2256 2299 predicti

420 2341 575 2421 liudulphi
595 2340 634 2404 de
655 2347 685 2402 el
706 2341 737 2414 in
760 2321 902 2402 maneriis
925 2338 1068 2420 predictis
1090 2354 1159 2402 cum
1181 2339 1381 2419 pertiuentiis,
1403 2337 1559 2404 habendos
1573 2339 1669 2404 eidem
1680 2337 1852 2420 liudulpho,
1868 2336 2036 2404 heredibus
2049 2346 2083 2402 et
2097 2337 2254 2419 assignatis

422 2464 486 2526 suis
508 2461 741 2540 imperpetuum,
763 2457 908 2522 tenendos
929 2457 967 2522 de
988 2457 1076 2522 nobis
1097 2466 1127 2522 et
1147 2457 1375 2522 suecessoribus
1397 2459 1518 2536 nostris,
1540 2457 1850 2538 videlicetquodlibet
1872 2457 2087 2538 predictorum
2109 2457 2255 2521 manerio·
2335 2467 2336 2480 ¹

421 2598 491 2644 rom
511 2597 566 2659 per
588 2578 722 2660 predicta
745 2578 883 2656 seruicia,
905 2577 1048 2660 homagia
1069 2586 1098 2640 ct
1119 2575 1276 2640 fidelitates
1297 2584 1327 2640 et
1347 2578 1474 2642 servicia
1495 2576 1648 2642 reddenda
1670 2577 1758 2642 uobis
1778 2586 1809 2642 et
1825 2577 2058 2642 successorihus
2074 2579 2190 2640 neuris
2203 2587 2254 2654 pro

422 2699 555 2778 quolibet
577 2698 741 2780 eorundem
763 2697 967 2760 maneriorum
990 2712 1081 2760 unum
1103 2694 1259 2760 denarium
1282 2703 1397 2760 tantum
1419 2695 1640 2764 eoenetbead
1655 2695 1879 2762 tantummodi
1895 2696 2057 2765 hliohaelis
2074 2692 2250 2776 Archangeli

420 2818 600 2884 soluendum
623 2834 679 2898 pro
702 2817 841 2880 omnibus
863 2815 933 2880 aliis
954 2816 1099 2894 seruioiis,
1121 2815 1327 2880 exactionibus
1349 2824 1378 2879 et
1400 2817 1514 2880 cunctis
1535 2815 1697 2882 demendis.
1713 2815 1783 2880 inde
1804 2816 1913 2880 debitis
1934 2831 1987 2880 seu
2002 2816 2250 2889 exeuntibusep

420 2938 581 3019 probasse,
604 2935 767 3000 radicasse
789 2941 817 2998 et
838 2941 1067 3016 perpreseutes
1089 2934 1293 3009 confirmasse.
1337 2935 1382 3000 Ao
1402 2937 1527 3022 iusuper
1547 2937 1692 3002 uoueritis
1713 2933 2113 3014 comprehensibilem
2136 2942 2166 2996 et
2185 2947 2247 2994 eon·

421 3065 560 3134 uentum,
583 3063 708 3132 statum,
731 3053 850 3118 titulum
872 3062 903 3118 et
924 3055 1146 3135 possessionem
1168 3053 1296 3132 predicti
1319 3053 1474 3135 lladulpbi
1492 3055 1530 3120 de
1552 3057 1632 3120 etin
1655 3055 1796 3122 omuibus
1817 3054 1887 3119 aliis
1905 3057 2095 3138 mesuagiis,
2120 3051 2246 3132 bolegiis

421 3178 508 3240 terris
531 3184 560 3239 et
581 3175 758 3238 tenementis
779 3173 923 3253 predictis
944 3189 1013 3237 cum
1035 3175 1224 3252 pertiuentiis
1253 3173 1392 3239 habenda
1420 3174 1518 3240 eidem
1539 3173 1716 3256 lledulpho,
1749 3173 1911 3240 heredibus
1939 3183 1970 3238 et
1995 3174 2166 3256 assignatis
2191 3170 2248 3232 suis

419 3292 803 3377 imperpetuum,.teneoda
825 3292 864 3356 de
885 3293 973 3358 nobis
994 3301 1023 3355 et
1044 3293 1270 3358 successorihus
1292 3296 1418 3372 nostris,
1441 3293 1578 3360 videlicet
1599 3293 1678 3360 dicte
1692 3294 1761 3358 tduo
1781 3303 1898 3373 creste,
1920 3302 2035 3358 terram
2057 3303 2092 3358 et
2110 3303 2243 3376 grauem,

420 3431 597 3494 quenuper
618 3411 739 3478 luerunt
756 3412 827 3476 dieti
842 3411 958 3475 Thomc
967 3411 1076 3490 Waps,
1099 3429 1155 3492 per
1174 3413 1255 3476 dieta
1278 3414 1407 3478 semicia
1429 3413 1580 3478 bdelitetis
1602 3423 1630 3478 et
1653 3415 1746 3478 unios
1762 3413 1956 3492 querdrantis}⁴
1977 3422 2007 3478 et
2027 3415 2114 3478 dicta
2131 3420 2246 3480 terram

419 3541 539 3614 pratum
563 3541 592 3596 ct
613 3533 737 3596 boscum
750 3548 828 3601 ,cum
850 3532 1064 3610 pertinentiis,
1082 3548 1141 3612 que
1161 3549 1258 3612 nuper
1277 3531 1399 3598 luerunt
1427 3532 1501 3598 diui
1521 3533 1634 3616 llogeri
1651 3533 1805 3610 bowuer,
1835 3551 1892 3614 per
1910 3535 2079 3598 seruicium
2101 3527 2244 3596 uueuutts

420 3660 449 3715 et
471 3655 558 3716 unlus
580 3652 775 3732 quadrarum
797 3659 826 3740 et
847 3650 927 3714 dicta
949 3652 1007 3714 trie
1029 3659 1138 3728 creste,
1162 3659 1267 3716 vocate
1283 3650 1439 3733 llawltpos
1462 3652 1677 3732 te.tteve,.qoe
1700 3643 2241 3732 nuperdueruntlohennisllleuylh

420 3788 476 3852 per
496 3771 670 3836 fidelitatem
693 3780 728 3835 et.
743 3770 905 3834 seruicium
927 3771 1012 3834 vuius
1034 3770 1227 3850 quadrantis;
1250 3779 1280 3834 et
1301 3769 1381 3834 diota
1404 3771 1563 3854 curtilagia
1585 3785 1652 3836 cum
1675 3771 1804 3854 gardino
1827 3781 1856 3836 et
1877 3772 1974 3836 tribus
1995 3777 2080 3836 acris
2104 3763 2239 3836 terreat·

421 3891 596 3968 iacentibus,
620 3887 903 3971 rocatalilehettps,
926 3907 981 3970 per
992 3887 1166 3954 bdelitotem
1189 3898 1218 3952 et
1239 3891 1401 3954 seruicium
1423 3891 1509 3956 vuius
1525 3891 1718 3970 quadrarum
1740 3899 1771 3954 et
1792 3890 1907 3956 dietum
1928 3893 2133 3975 mesuagium,
2154 3900 2240 3967 quon·

419 4009 650 4072 nantcharius
665 4006 731 4072 itte
747 4007 842 4085 blore,
865 4025 920 4089 per
940 4007 1114 4072 fidelitatem
1135 4017 1164 4072 et
1184 4008 1347 4072 seruicium
1369 4010 1455 4074 vuius
1476 4009 1670 4088 quadrantis3
1689 4019 1724 4073 st
1741 4011 1855 4076 dietum
1877 4012 2080 4094 mesuagium,
2099 4004 2240 4090 quondan

419 4127 492 4191 dicti
513 4125 629 4190 Thome
650 4125 821 4208 maletus,
844 4145 900 4208 per
920 4126 1092 4191 fidelitatem
1115 4137 1149 4192 et.
1165 4128 1327 4192 semicium
1349 4131 1438 4194 vuius
1456 4128 1649 4208 quadrantis3
1679 4138 1709 4193 et
1729 4130 1841 4196 dictum
1863 4132 2070 4214 mesuagium,
2097 4124 2239 4211 quondan

419 4247 546 4329 predicti
557 4245 704 4310 lobannis
716 4227 843 4329 hypnell
867 4263 923 4326 per
943 4245 1116 4310 lldelltatem
1140 4255 1169 4310 et
1190 4247 1352 4312 seruicium
1374 4249 1460 4312 vuius
1481 4248 1679 4328 quadrantis;
1696 4248 1830 4316 etdtcu
1852 4252 2131 4336 quehtoreotagia,
2153 4259 2237 4326 quote

419 4366 489 4430 darn
510 4365 639 4446 predicti
660 4365 776 4428 Thome
795 4364 949 4446 hlahettys
970 4382 1028 4445 per
1048 4364 1220 4430 fidelitatem
1242 4375 1273 4430 ct
1294 4367 1456 4434 seruicium
1478 4371 1568 4432 mius
1585 4367 1779 4450 enedreutice
1801 4377 1831 4432 et
1852 4368 1933 4434 dieta
1951 4378 2055 4436 creste
2077 4366 2238 4450 etoigmto

377 4507 385 4526 ·
419 4494 623 4563 seruauere,
656 4484 807 4564 quondam
829 4484 976 4549 lobannis
998 4483 1139 4563 Pelbam,
1169 4503 1227 4564 per
1247 4473 1425 4550 fidelitatem
1450 4494 1479 4550 et
1504 4489 1667 4552 seruioium
1688 4489 1775 4552 vuius
1797 4487 1993 4570 quadrantis5
2026 4499 2056 4554 et
2078 4490 2172 4556 dicus
2190 4495 2237 4544 set

418 4615 506 4669 ueros
528 4613 625 4681 terre,
649 4606 780 4668 iacentes
801 4605 832 4666 iu
853 4605 990 4682 predicto
1011 4613 1128 4681 crosto,
1150 4611 1255 4668 vocato
1278 4603 1495 4684 Whitecroste,
1523 4606 1678 4686 quondam
1698 4605 1833 4672 eiusdem
1853 4607 2001 4674 lobannis
2023 4608 2162 4689 Pelbam,
2189 4611 2236 4680 W

418 4724 593 4812 fidelitatem
613 4731 642 4787 et
663 4725 824 4788 semicium
845 4724 931 4788 vuius
948 4723 1124 4802 quadrantis
1131 4743 1143 4801 ς
1157 4733 1195 4788 et
1215 4723 1327 4790 dictam
1342 4733 1515 4792 carucatam
1538 4735 1617 4792 terre
1639 4743 1707 4794 urm
1723 4728 1923 4806 partheniis,
1945 4727 2098 4808 quondm
2122 4717 2234 4807 prodidi

418 4842 709 4923 Themelllaheups,
732 4859 787 4921 per
798 4842 970 4907 fidelitatem
982 4850 1012 4906 et
1022 4844 1282 4909 seruiciummiua
1294 4844 1487 4924 quadrantis3
1509 4845 1913 4924 etdtctumerosonmterre,
1935 4838 2233 4928 montembardum

417 4961 565 5025 Willelmi
586 4960 779 5038 Eccleshale‚
813 4979 868 5041 per
894 4960 1069 5026 fidelitatem
1098 4970 1126 5026 et
1154 4963 1315 5027 seruicium
1346 4965 1432 5028 rnius
1459 4964 1635 5043 quadrantis
1656 4969 1812 5033 annuatim
1819 4985 1831 5044 ;
1865 4965 1998 5032 redditus
2026 4967 2176 5048 predictos
2200 4952 2233 5018 td

419 5081 530 5144 dictum
552 5078 663 5144 festum
685 5084 780 5144 sancti
799 5079 958 5144 Michaelis
980 5080 1156 5164 archangeli
1177 5085 1334 5147 aunuatim
1355 5083 1608 5164 soluenduspro
1631 5084 1773 5150 omnibus
1793 5085 1864 5149 aliis
1885 5086 2032 5164 seruiciis,
2055 5073 2233 5151 consuctudi-

419 5199 530 5282 nibus,
558 5199 726 5264 actionibus
754 5208 783 5262 et
810 5197 967 5291 demendis
994 5215 1051 5282 pro
1081 5199 1192 5300 eisdem
1223 5203 1315 5292 terris
1338 5206 1369 5295 et
1394 5202 1568 5268 tenementis
1586 5195 1704 5268 'uentus
1732 5205 1796 5268 siue
1818 5205 1994 5268 exeuntibus
2016 5219 2072 5288 per
2092 5201 2229 5287 presentes

419 5319 622 5400 approbasse,
656 5319 820 5383 retihcasse
842 5327 871 5383 et
893 5319 1103 5399 confirmasse,
1137 5337 1173 5384 ac
1194 5293 1317 5403 insuper
1339 5322 1491 5388 remisisse
1518 5332 1548 5388 et
1568 5321 1722 5390 relaxasse
1745 5332 1774 5388 et
1795 5325 1918 5388 omnino
1939 5340 1997 5405 pro
2018 5325 2105 5392 nobis
2124 5328 2152 5386 et
2171 5330 2228 5380 stt·
