4716 6330
414 637 473 718 ⁶0
1187 627 1298 725 1‘tar,
1322 631 1395 705 aaut
1422 626 1481 702 ιτ.

416 927 600 986 abomuum
623 927 759 984 nostrum
781 917 819 982 ad
841 917 1048 997 recipiendum
1071 919 1194 982 nomine
1215 925 1320 982 nostro
1341 925 1371 980 et
1393 933 1450 998 pro
1471 915 1779 995 nobisdedabanna,
1801 932 1900 998 unper
1920 929 2015 982 ruore
2023 913 2235 980 bicardilloie·

416 1040 500 1119 land,
531 1042 604 1104 civis
625 1039 697 1105 dum
720 1038 793 1100 vixit
813 1046 845 1101 et
865 1038 1042 1100 mercatoris
1065 1035 1211 1114 bordon,
1238 1037 1362 1115 plenam
1385 1043 1414 1098 et
1435 1035 1592 1117 pacillcam
1613 1037 1756 1100 seidnam
1779 1035 1818 1099 de
1838 1043 1869 1099 et
1890 1037 1923 1100 in
1943 1035 1998 1101 ilio
2035 1033 2046 1115 ll
2084 1043 2236 1100 tomento

418 1175 487 1224 cum
509 1159 590 1240 layo
612 1156 779 1234 adiacente,
802 1157 894 1220 simul
916 1172 984 1220 cum
1008 1155 1151 1219 omnibus
1171 1155 1452 1232 commoditatibus,
1473 1155 1662 1218 aelementis
1681 1162 1711 1218 et
1732 1155 1840 1219 ceteris
1861 1156 1935 1218 suis
1947 1155 2135 1234 pertiuentiis
2154 1161 2181 1216 et
2199 1155 2238 1216 iu-

417 1277 502 1341 ribus
522 1277 762 1354 quibuscumoue
783 1273 920 1354 predicto
943 1281 1111 1338 tenemento
1133 1281 1162 1338 et
1185 1276 1265 1354 layo
1278 1273 1539 1353 qualitercumque
1548 1273 1762 1354 spectantibus,
1784 1274 1902 1338 situatis
1916 1271 2075 1337 iuvenalia
2089 1280 2189 1336 vocau
2215 1271 2225 1349 ll

415 1395 681 1478 Wyndegoselane
703 1395 734 1458 in
762 1394 908 1474 parocbia
929 1391 1073 1457 Omnium
1096 1391 1278 1458 Sanctorum
1307 1391 1347 1456 ad
1370 1390 1473 1456 lenum
1494 1391 1650 1471 bordon,
1678 1391 1793 1456 adlinet
1821 1395 1900 1457 inter
1929 1398 2130 1456 tenementum
2154 1405 2237 1469 nuper

415 1513 620 1580 Burtbolomei
641 1511 814 1597 Fbmtlyng
835 1529 872 1578 ex
893 1519 980 1592 parte
1001 1511 1153 1588 orientali
1175 1519 1205 1574 et
1227 1511 1340 1592 layum
1362 1517 1502 1574 nocetum
1525 1506 1819 1596 uscottepntrtn
1840 1527 1878 1574 en
1899 1518 1986 1589 parte
2006 1508 2195 1584 occidentali,
2214 1515 2237 1570 et

416 1649 528 1713 aquam
550 1631 704 1696 Tbamisie
726 1649 762 1696 ex
785 1639 873 1712 parte
894 1631 1036 1708 atrstrali,
1060 1645 1096 1694 ao
1118 1637 1320 1694 tenementum
1344 1645 1441 1708 nuper
1461 1627 1616 1707 lladulpbi
1637 1628 1790 1710 lllaltenep
1813 1645 1850 1692 ex
1873 1637 1960 1710 parte
1981 1628 2168 1708 aquilonari,
2192 1628 2237 1690 ba·

416 1751 549 1818 bendum
571 1759 600 1814 et
618 1749 777 1815 tenendum
795 1749 964 1828 predictum
981 1755 1182 1813 tenementum
1206 1763 1275 1812 cum
1297 1747 1378 1827 ltayo
1400 1748 1556 1812 adiacente
1576 1755 1606 1810 et
1627 1747 1691 1811 suis
1711 1748 1899 1826 pertinentiis
1921 1750 2069 1812 uniuersis
2090 1746 2237 1826 predictis3

417 1870 506 1935 nobis
522 1868 643 1949 prelato
661 1867 792 1933 ilenrico
812 1866 959 1931 cardinali
978 1884 1014 1930 ac
1031 1865 1188 1931 Willelmo
1199 1866 1362 1947 Alnewyt,
1385 1867 1585 1946 permistione
1601 1866 1704 1931 diuina
1719 1865 1923 1932 lincolniensi
1945 1867 2102 1946 episcopo,
2122 1865 2238 1930 lobanni

416 1988 525 2068 nnay,
561 1987 684 2067 capitali
706 1987 812 2050 baroni
835 1987 981 2050 scaccarii
1003 1985 1119 2049 domini
1141 1985 1234 2066 regis,
1253 1983 1387 2048 lobanni
1408 1983 1536 2061 linoltle,
1558 1985 1625 2048 ciui·
1644 1994 1676 2048 et
1696 1983 1895 2049 aldermanuo
1917 1983 2067 2063 bondon,
2089 1994 2119 2050 et
2138 1983 2238 2048 l'bonc

418 2105 600 2182 llotbewell,
623 2105 786 2170 heredibus
807 2113 838 2168 et
859 2106 1022 2186 asdgnatis
1044 2107 1168 2180 nostris,
1190 2077 1600 2183 imperpetuum‘secnndnm
1623 2104 1700 2180 rim,
1733 2101 1864 2170 ormam
1885 2112 1917 2168 et
1936 2103 2076 2168 etiamn
2098 2103 2238 2168 cuiusdam

417 2233 500 2289 carte
521 2224 705 2288 tentamenti
725 2239 781 2301 per
802 2221 953 2302 prolatam
972 2221 1142 2286 lobannam
1166 2222 1263 2298 nobis,
1285 2220 1422 2301 predicto
1443 2220 1574 2286 ilenrico
1595 2221 1744 2287 cardinali
1764 2239 1801 2286 ac
1822 2222 1968 2304 predictis
1987 2221 2143 2288 Willelmo
2161 2221 2239 2284 bine

416 2345 502 2425 eryt,
524 2343 680 2422 episcopo,
701 2339 832 2406 dobanni
854 2340 965 2405 broile
987 2348 1016 2404 et
1036 2339 1153 2403 Tbume
1174 2339 1344 2404 llotbewell
1366 2339 1436 2404 inde
1457 2338 1607 2404 conlecto:
1639 2349 1740 2404 ratum
1761 2350 1790 2404 et
1812 2349 1934 2424 gratnm
1955 2339 2089 2408 babituri
2108 2340 2238 2422 ouuonid

416 2462 514 2527 dictus
536 2468 705 2526 attornatus
727 2467 830 2524 noster
852 2457 957 2535 iecerit
979 2459 1100 2522 nomine
1122 2461 1279 2522 nostruin
1302 2462 1459 2538 premissis
1480 2459 1557 2524 adeo
1571 2461 1700 2540 precise,
1722 2463 1800 2524 sicttt
1813 2459 2016 2539 personaliter
2028 2461 2239 2524 interessemus.

416 2581 449 2645 ln
471 2582 558 2645 cuius
580 2581 625 2643 rei
646 2579 849 2642 testimonium
871 2577 1006 2659 sigillum
1029 2585 1166 2640 nostrum
1188 2577 1379 2655 presentibus
1401 2586 1447 2641 est
1467 2593 1647 2658 appensum.
1691 2577 1801 2644 Datum
1823 2578 1944 2644 decimo
1963 2581 2095 2660 septim
2108 2580 2240 2644 dicmen-

417 2702 459 2764 sis
480 2699 571 2774 lunii,
594 2713 675 2762 anno
697 2700 783 2778 regni
807 2698 887 2778 regis
909 2693 1031 2760 ilenrici
1052 2698 1130 2760 sexti
1152 2703 1222 2776 post
1244 2703 1441 2774 conquestum
1463 2695 1698 2775 quintodecimo.
1931 2696 2099 2766 maidiobe.

415 2917 606 3004 LXXX.
652 2922 1264 3022 dolomicuraticum
1301 2922 1463 3024 Wittaoc,
1494 2924 1699 3026 dbertrdpt
1728 2923 1816 3004 doru
1849 2921 2040 3005 Gurditrol
2069 2923 2240 3006 Haedui

520 3077 602 3157 ond
632 3080 766 3156 eduen
794 3074 995 3155 deposcere
1024 3075 1085 3154 ibr
1113 3073 1362 3156 erndstitcls
1391 3083 1461 3155 mit
1492 3077 1577 3157 dem
1602 3075 1686 3180 Kop
1715 3083 1763 3156 iu·
1788 3072 2005 3182 andcpos
2027 3074 2146 3158 bure.

1173 3229 1292 3332 1437,
1323 3229 1502 3312 auctir.

568 3409 672 3478 Sciant
694 3420 849 3490 presentes
871 3418 900 3473 et
921 3409 1025 3487 lbturi,
1048 3409 1129 3488 quod
1152 3427 1220 3493 ego,
1236 3409 1390 3490 tabenna,
1413 3427 1510 3493 nuper
1531 3412 1738 3476 vnorllicardi
1752 3411 1917 3490 Bolselnnd,
1939 3413 2107 3479 cicladum
2130 3414 2240 3477 visitet
2340 3489 2341 3496 ἵ

415 3532 592 3595 mercatoris
607 3529 756 3605 terdon,
780 3533 811 3592 iu
828 3545 904 3610 pura
921 3528 1121 3606 viduetate1)
1138 3546 1205 3593 mea
1222 3539 1252 3594 et
1277 3527 1288 3612 ll
1319 3530 1453 3612 legitima
1472 3539 1621 3611 potestate
1639 3529 1719 3608 dedi,
1741 3520 1876 3598 consocii
1895 3540 1925 3595 et
1943 3532 2001 3596 bac
2016 3537 2150 3611 presenti
2167 3539 2239 3596 carta
2340 3500 2341 3508 ἵ

415 3667 482 3714 mea
509 3649 687 3714 conflrmaui
705 3647 845 3724 ilenrico,
868 3648 1068 3725 permissione
1092 3646 1195 3711 diuina
1217 3649 1365 3712 cardinali
1381 3649 1501 3731 anglie,
1523 3647 1682 3712 willelmo
1699 3647 1862 3731 illuewylt,
1888 3647 1900 3730 {l
1926 3652 2127 3730 permissione
2147 3651 2239 3716 diuina

414 3768 618 3833 lincolniensi
635 3769 791 3848 episcopo,
812 3765 942 3828 Jobanni
960 3763 1048 3846 Fray,
1071 3765 1194 3848 capitali
1211 3767 1318 3830 baroul
1334 3769 1479 3830 muscarii
1491 3765 1611 3847 {domini
1628 3768 1719 3850 regis,
1741 3767 1872 3832 lobanni
1890 3767 2012 3846 Broltle,
2035 3771 2096 3834 cini
2112 3768 2240 3834 etatder-

414 3903 526 3950 manno
548 3884 685 3963 london
708 3893 738 3948 et
753 3884 901 3967 Tbomel
926 3884 1096 3948 liotbewell
1118 3893 1214 3948 totum
1236 3893 1438 3950 tenementum
1462 3901 1562 3950 meum
1584 3901 1653 3950 ctum
1676 3887 1757 3968 layo
1776 3887 1935 3952 adiacente
1954 3886 2037 3967 (soie
2059 3885 2097 3955 ist
2118 3885 2239 3955 corber-

413 4003 576 4091 pebender
596 4000 751 4069 Urkcade
775 4001 851 4083 bis)
878 4003 1060 4082 aqttilonari.
1104 4001 1196 4083 Quod
1217 4019 1289 4069 vero
1309 4003 1518 4083 supradictum
1542 4013 1741 4070 tenementum
1763 4021 1832 4070 cnm
1853 4008 1934 4088 layo
1956 4005 2113 4072 adiacente
2134 4016 2162 4072 et
2181 4005 2240 4069 aliis

414 4127 479 4188 suis
501 4123 689 4206 pertinentiis
718 4121 876 4186 antedictis
902 4120 1038 4203 prelatus
1060 4122 1208 4186 Ricardus
1229 4121 1384 4186 Bolseland
1412 4127 1472 4187 iam
1494 4121 1654 4188 delirnctus
1682 4133 1711 4188 et
1733 4141 1806 4209 ego,
1836 4126 1971 4206 predicta
1991 4125 2148 4205 tonsura,
2180 4135 2240 4190 tunc

415 4259 492 4306 vxor
513 4247 596 4319 eius,
626 4257 723 4321 nuper
744 4241 927 4306 coniunctim
950 4239 1111 4304 babuimus
1133 4241 1237 4318 nobis,
1266 4240 1428 4306 heredibus
1449 4250 1479 4306 et
1500 4243 1662 4325 assignatis
1683 4247 1795 4308 nostris
1817 4245 2038 4326 imperpetuum
2061 4265 2099 4313 ex
2121 4248 2197 4312 douo
2215 4250 2240 4306 et

415 4361 610 4426 leoffamento
633 4359 783 4423 Willelnai
804 4358 940 4440 llaytcn,
972 4359 1087 4436 clerici,
1117 4358 1290 4424 babendum
1313 4369 1343 4424 et
1364 4360 1525 4425 tenendum
1548 4369 1644 4425 totum
1664 4347 1833 4440 predibtum
1855 4372 2057 4429 tenementum
2080 4382 2148 4430 curn
2170 4365 2240 4443 layo

413 4480 587 4556 adiacente,
621 4478 712 4542 simul
745 4493 813 4542 oum
847 4477 988 4542 omnibus
1021 4477 1300 4556 commoditatibus,
1333 4481 1519 4566 aisiamentis
1551 4490 1581 4544 et
1612 4485 1721 4546 ceteris
1747 4483 1812 4546 suis
1845 4484 2033 4563 pertinenms
2065 4502 2102 4548 ac
2134 4483 2240 4549 iuribus

415 4599 573 4676 uniuersis,
595 4594 741 4676 predictis
764 4603 934 4660 tenemento
956 4603 985 4658 et
1006 4595 1369 4694 kayquualitercuuaque
1387 4599 1599 4692 spectantibus,
1622 4598 1748 4694 prelatis
1766 4599 1908 4680 ilenrico,
1931 4607 2131 4690 permissione
2146 4602 2238 4666 diuina

413 4715 573 4793 cardinali,
596 4714 753 4778 Wilielmo
775 4718 938 4794 episeopo,
961 4713 1092 4777 dobanni
1114 4715 1208 4796 Fray,
1230 4714 1361 4780 dobanni
1382 4716 1494 4806 Broltle
1520 4728 1549 4782 et
1570 4717 1685 4782 Tbome
1706 4718 1887 4797 liotbewell‚
1910 4721 2072 4786 heredibus
2093 4729 2237 4785 eteorum

413 4836 577 4918 assignatis
598 4835 832 4914 imperpetuum,
855 4830 893 4896 de
910 4832 1091 4911 capitalibus
1108 4833 1239 4898 dominis
1257 4831 1339 4898 leodi
1361 4835 1443 4899 illius
1464 4852 1520 4915 per
1536 4837 1664 4902 seruicia
1686 4836 1755 4900 inde
1776 4837 1877 4902 debita
1899 4847 1928 4902 et
1950 4838 1987 4904 de
2009 4842 2074 4904 iure
2096 4845 2238 4906 consueta.

412 4955 447 5018 ln
475 4957 561 5018 cmm
589 4953 634 5016 rei
659 4951 867 5016 testimonium
897 4950 969 5016 braio
987 4953 1128 5029 presenti
1157 4960 1241 5016 eane
1266 4969 1333 5018 mae
1360 4953 1495 5036 sigillum
1529 4971 1629 5020 meunt
1658 4960 1804 5036 apposui,
1840 4955 1978 5024 lobanne
2006 4957 2143 5036 ldicbell,
2175 4965 2238 5019 tnnc

412 5074 530 5136 maiore
551 5069 681 5135 ciuitatis
702 5069 845 5146 london,
879 5068 997 5134 Tboma
1019 5069 1170 5136 blorstede
1192 5079 1222 5134 et
1243 5070 1400 5137 Willelmo
1423 5071 1581 5156 Gregory‚
1613 5081 1685 5140 tune
1707 5075 1932 5141 nceoomittbus
1953 5077 2086 5144 eiusdem
2108 5075 2238 5148 ciuitatis,
2343 5061 2344 5124 ἶ

570 5321 595 5388 ¹)
623 5321 685 5374 stet
703 5322 751 5376 vlle
769 5322 837 5376 oben
856 5323 906 5376 No.
918 5322 1018 5376 LXVII
1036 5323 1090 5377 und
1109 5325 1159 5379 No.
1173 5324 1295 5378 nxvlu.
