4834 6338
923 685 1209 787 stinguere
1893 689 1977 772 ree

155 973 266 1056 qubus
285 973 383 1041 modis
404 991 440 1041 es
466 973 629 1042 menda
656 973 847 1042 coneedendo
873 983 970 1044 ¹esset:
998 988 1077 1042 nuuc
1098 993 1171 1042 veru
1190 991 1210 1041 a
1231 975 1318 1040 robis
1344 973 1515 1040 oratoribus
1542 971 1690 1040 reieratm
1715 973 1837 1044 demeto
1865 983 1980 1042 tantum

155 1095 235 1160 'utne
256 1109 323 1160 esse
345 1096 510 1180 ebrogota,
532 1102 563 1162 et
583 1095 621 1160 de
641 1094 804 1163 residentia
824 1093 878 1160 iiia
899 1095 1122 1182 limburgensi
1142 1111 1196 1160 ros
1219 1111 1277 1160 uon
1299 1092 1411 1160 baiiere
1431 1095 1463 1158 iu
1485 1093 1649 1174 mendatis,
1672 1103 1704 1160 ut
1725 1095 1886 1176 quicquam
1908 1099 1981 1162 corti
2068 1143 2075 1160 .

155 1215 366 1293 promittatur,
387 1215 483 1279 -id
505 1214 586 1295 cuod
609 1222 638 1279 ct
659 1214 832 1297 specialiter
851 1214 994 1281 Maiestas
1014 1223 1070 1282 erra
1092 1217 1123 1280 in
1145 1215 1285 1280 omuibus
1306 1217 1371 1278 suis
1397 1213 1492 1278 literis
1518 1213 1557 1278 ad
1578 1213 1661 1278 Duos
1677 1215 1857 1280 iim'eaticos
1880 1217 1980 1297 requi·

158 1331 248 1410 sirit,
274 1339 304 1397 et
325 1331 439 1398 domini
459 1333 624 1438 consiliarii
646 1347 766 1414 semper
786 1335 817 1398 in
839 1338 903 1400 suis
924 1333 1055 1400 dometis
1074 1331 1213 1415 praelato
1234 1333 1432 1398 aldermeuuo
1453 1331 1710 1416 signidcnromnt,
1743 1334 1795 1414 qni
1816 1343 1886 1400 oute
1908 1351 1981 1415 qna-

156 1449 329 1516 drieani'urn
351 1451 408 1516 seir
429 1452 547 1517 minore
568 1451 670 1536 sigillo
692 1451 1013 1520 eiritstislubocensis
1031 1453 1142 1518 obtulit
1162 1451 1352 1517 decretorum
1372 1452 1612 1535 abrogationem,
1634 1469 1724 1533 uuam
1747 1461 1819 1518 tune
1837 1455 1984 1536 temporie

156 1569 325 1651 potniment
346 1569 514 1650 adnutue,
536 1572 562 1636 ei
584 1587 620 1636 ea
641 1571 712 1636 sola
724 1571 890 1636 voluissent
904 1587 971 1637 ease
988 1573 1119 1636 contenti
1137 1579 1167 1636 et
1183 1585 1244 1636 una
1258 1583 1451 1636 onm‘eomm
1463 1572 1660 1636 ‘decreturum
1675 1571 1838 1636 abolitione
1850 1571 1984 1637 residen-

157 1691 233 1752 tium
247 1687 504 1772 {lamburgensem
522 1705 585 1754 nen
603 1691 747 1774 conjungi
761 1689 871 1755 debere
886 1691 1119 1769 existimassent,
1140 1721 1184 1738 -
1203 1690 1347 1770 quoniam
1368 1690 1410 1754 in¹
1422 1689 1478 1754 irae
1499 1691 1586 1771 parte
1606 1707 1663 1772 per
1684 1705 1737 1754 ros
1758 1689 1898 1756 dominos
1913 1707 1983 1758 ora·

156 1814 312 1872 tcreeuou
327 1805 513 1872 usticiam
531 1817 577 1874 set
591 1810 791 1890 expectationi
800 1809 964 1874 Maiestatis
981 1825 1056 1874 suae
1072 1815 1102 1874 ct
1115 1808 1260 1874 oblationi
1270 1805 1399 1890 praeisti
1413 1807 1612 1887 aldermanni,
1634 1808 1739 1874 iisdem
1755 1809 1985 1896 significandum

157 1925 254 2004 duxit,
275 1941 309 1991 se
326 1931 453 2006 propter
468 1927 579 1992 multas
595 1943 703 1993 musas
722 1945 783 1994 nou
798 1943 889 2009 posse
905 1929 1100 2008 inpraesenti
1113 1927 1236 1994 abolere
1253 1928 1373 1994 decreu
1390 1929 1421 1992 iu
1432 1928 1491 1992 hoe
1502 1944 1597 2013 regno
1608 1927 1699 2008 ianm,
1710 1933 1800 2010 :quae
1810 1929 1985 1995 buseatioos

158 2053 352 2124 cunemunnt,
375 2046 433 2110 nisi
454 2046 540 2126 psius
562 2048 674 2112 cerdon
693 2047 758 2112 ilari
779 2049 887 2128 possit,
909 2051 973 2113 suis
993 2045 1211 2112 mercatoribus
1229 2047 1423 2112 residmtiam
1441 2063 1507 2113 esse
1522 2064 1696 2115 mncessam
1711 2051 1769 2115 sub
1788 2051 1986 2116 rationalibus

160 2163 395 2243 conditionibus,
417 2173 509 2245 prout
529 2181 654 2248 semper
668 2167 826 2247 requisivit
846 2173 877 2231 et
896 2167 936 2231 ab
958 2165 1155 2230 aldermanno
1174 2164 1232 2230 init
1251 2168 1435 2246 promissum
1453 2174 1483 2232 ct
1499 2167 1644 2232 oblatum.
1678 2168 1780 2249 ltaque
1797 2171 1824 2234 si
1839 2171 1987 2252 pluerent

159 2283 290 2352 dou‘uio
309 2281 496 2349 linsmtieis
516 2285 563 2349 rel
574 2283 852 2370 liambnrgensibus
868 2285 1033 2350 concedere
1050 2285 1142 2350 talem
1157 2285 1359 2366 residentiam,
1379 2285 1522 2351 Maiestas
1542 2302 1598 2350 suu
1619 2285 1789 2368 pollicetur,
1811 2303 1901 2368 qrram
1922 2291 1987 2371 pri·

158 2417 243 2468 utum
265 2401 304 2466 de
324 2405 390 2466 istis
408 2404 522 2468 ¹certior
542 2401 634 2470 merie
659 2403 758 2485 boto,
792 2405 913 2476 decreta
940 2405 990 2468 trie
1010 2402 1091 2469 buta
1106 2403 1226 2470 obolite
1254 2407 1309 2484 iri,
1336 2413 1366 2470 et
1393 2403 1879 2471 mercatoresbnec'leutcuicac
1901 2409 1988 2472 resti-

159 2530 241 2591 utos
261 2522 293 2586 iu
315 2521 455 2588 omnibns
475 2523 513 2586 iis
534 2524 702 2608 privilegiis
719 2533 750 2588 et
766 2525 1015 2603 immunitatibus,
1037 2523 1147 2604 quibus
1166 2539 1185 2588 a
1201 2523 1353 2605 principio
1368 2524 1456 2607 regni
1471 2524 1518 2588 sui
1535 2525 1632 2606 gavisi
1648 2533 1718 2588 sunt
1735 2526 1765 2588 in
1778 2526 1898 2591 eivimte
1907 2525 1988 2592 Lon·

160 2639 277 2706 dicensi
298 2649 328 2706 et
348 2641 380 2706 in
402 2641 472 2708 aula
494 2641 659 2726 vulgariter
678 2652 785 2710 votam
807 2639 1057 2723 Btuetoetbott,
1079 2651 1109 2708 et
1129 2641 1204 2708 itini
1224 2651 1325 2708 ament
1343 2650 1372 2706 et
1392 2642 1538 2720 sudent,
1569 2649 1663 2723 pmnt
1682 2645 1988 2724 ante-consueuerint,

159 2761 192 2824 in
213 2763 359 2825 costumis
379 2777 551 2842 pannonum
573 2761 679 2828 eadem
699 2764 778 2827 ratic
797 2766 954 2844 ipsuum,
987 2777 1067 2842 uuae
1094 2770 1127 2827 et
1152 2761 1335 2826 naturalium
1365 2760 1554 2826 subditorum
1581 2763 1679 2845 regni.
1726 2758 1878 2828 serenitas
1899 2765 1990 2828 etiam

160 2895 217 2945 sua
238 2881 394 2944 aunuatim
415 2880 633 2964 gratificabitur
652 2880 715 2946 illis
737 2881 775 2946 de
796 2881 985 2952 conuenienti
1006 2896 1133 2945 nurnero
1154 2895 1324 2961 pannorum
1346 2879 1501 2956 ciborum,
1529 2894 1589 2942 nou
1612 2881 1749 2945 obstante
1771 2889 1882 2946 statuto
1903 2884 1990 2966 regui

160 3003 195 3064 in
214 2990 432 3064 comrartum..·
452 2997 487 3064 ln
508 2999 577 3064 aliis
597 3000 839 3083 gravaminibus,
871 2999 910 3064 de
931 2999 1042 3079 quibus
1068 2993 1210 3078 conqueri
1224 2997 1319 3062 ‘soliti
1343 3005 1414 3062 sunt
1435 2995 1580 3062 aduersus
1601 3001 1748 3064 maiorem
1769 2998 1989 3067 londinensem

161 3116 385 3196 relevabuntur,
403 3124 547 3198 quantum
569 3133 628 3198 pro
649 3125 785 3200 tempore
805 3117 871 3184 deri
891 3119 1013 3198 poterit
1056 3115 1100 3181 lte
1122 3116 1190 3182 aliis
1211 3119 1423 3183 controversiis
1444 3117 1506 3184 sire
1527 3115 1721 3200 generations
1741 3121 1990 3186 concernentibus

159 3245 308 3302 macutus
328 3251 502 3301 communes
523 3237 586 3302 sire
605 3236 765 3318 speciales,
788 3235 944 3319 deportabit
965 3239 1201 3315 commissarius,
1224 3239 1276 3316 uui
1298 3250 1367 3300 cnm
1389 3236 1561 3301 oratoribus
1583 3237 1720 3316 ipsorum
1739 3233 1923 3302 sufficienter
1943 3241 1989 3302 in-

160 3357 269 3422 structi
290 3357 387 3422 amice
407 3355 588 3435 tractabunt,
607 3363 643 3420 ut
664 3363 759 3420 totum
782 3357 936 3441 negotium
957 3355 996 3421 nd
1017 3355 1137 3420 dualem
1159 3355 1291 3436 aliquam
1305 3357 1540 3428 transactionem
1553 3353 1660 3420 deduci
1672 3357 1835 3436 poseitetc.
1878 3357 1988 3423 ilatum

161 3481 195 3541 in
216 3475 342 3542 aedibus
363 3475 593 3553 Mousuclrianis,
615 3473 797 3541 diomedeis
819 3473 961 3542 Octobris
981 3471 1026 3555 3.,
1048 3474 1137 3540 Anno
1158 3473 1279 3539 Domini
1300 3471 1395 3540 totid.

260 3729 457 3824 ccliiii.
503 3733 714 3820 senones
744 3737 815 3818 der
844 3735 1007 3844 Kdoo'pio
1035 3735 1240 3820 Eleuteti
1270 3761 1322 3817 coo
1352 3735 1428 3818 deo
1459 3731 1582 3819 Senot
1610 3763 1659 3852 aa
1686 3735 1892 3846 Horrebat-9.
1962 3853 1968 3862 ι

917 3891 1038 3996 1587,
1067 3893 1150 3977 uer
1170 3893 1237 3974 22.

313 4073 481 4154 Elisabeto,
508 4071 563 4139 liei
585 4074 684 4160 gratia
706 4069 857 4157 Augilas,
882 4071 1029 4148 Franciae
1049 4081 1079 4139 et
1099 4073 1251 4156 Myberuie
1272 4073 1396 4156 regine,
1424 4071 1495 4139 iidei
1516 4071 1700 4141 defensatrix
1722 4085 1779 4142 etc.
1822 4075 1990 4162 Maguiflcis

119 4207 124 4218 ·
164 4189 382 4276 spectabilibus
402 4197 486 4273 viris,
508 4192 756 4271 Pmconsultbns,
779 4189 962 4259 Consulibus
983 4201 1013 4259 et
1033 4191 1230 4262 senatoribus
1251 4193 1379 4258 civitatis
1399 4189 1653 4278 bambergensis,
1684 4195 1789 4260 amicis
1810 4197 1920 4261 uostris
1941 4213 1992 4261 oa·

165 4313 295 4379 rissimis
315 4313 455 4378 salutem.
490 4311 643 4397 Moguidci
663 4310 780 4377 domini
800 4311 980 4394 spectabiles
1002 4319 1032 4378 et
1052 4313 1142 4378 amici
1163 4312 1279 4378 sincere
1300 4310 1419 4376 dilectit
1452 4310 1575 4394 Quanta
1596 4319 1625 4408 et
1646 4329 1737 4392 quam
1758 4313 1882 4393 antiqua
1903 4313 1994 4379 inerit

166 4449 185 4498 a
206 4433 316 4517 priscis
336 4449 433 4514 usgue
453 4448 579 4499 nromm
600 4441 791 4511 nostrorum,
822 4447 931 4517 regum
951 4431 1096 4516 Angliae,
1130 4433 1316 4514 temporibus
1342 4435 1421 4496 inter
1440 4437 1535 4496 statos
1556 4439 1677 4496 nostros
1699 4447 1877 4512 socrumque
1898 4435 1994 4513 impe·

165 4553 246 4618 rium
266 4549 436 4618 Romanurn
457 4551 693 4634 Auseaticasque
714 4551 791 4618 adeo
812 4566 918 4617 omnes
939 4552 1073 4616 ciritstes
1094 4551 1244 4616 amicitiae
1264 4551 1436 4638 coniunctio
1457 4559 1486 4616 et
1507 4548 1722 4631 confederatio,
1744 4553 1897 4618 ramorum
1918 4560 1994 4618 tem·

165 4673 277 4755 pcrnnt'
297 4669 443 4737 historiae
462 4679 626 4752 testantur,
660 4679 689 4737 et
710 4687 764 4737 ros
786 4678 872 4756 grata
894 4671 1064 4736 animorum
1085 4673 1231 4736 memoria
1251 4643 1386 4736 recolere
1406 4671 1599 4735 arbitramur.
1649 4667 1744 4736 Cuius
1765 4671 1993 4737 necessitudinis

167 4788 378 4858 recbrdaticne
398 4790 456 4856 boc
476 4788 599 4872 quidem
620 4799 756 4874 tempore
774 4793 908 4856 marimo
929 4789 1077 4856 adductus
1097 4805 1218 4874 sumus,
1245 4794 1278 4854 ni
1299 4787 1562 4854 eamecinmercii
1583 4787 1767 4869 libortetmr,
1801 4805 1892 4876 mum
1914 4807 1994 4856 anuo

168 4905 263 4990 tneo,
285 4923 389 4976 mense
409 4907 552 4975 Octobris
572 4923 629 4990 per
648 4909 759 4992 privati
780 4907 908 4976 Consilii
928 4909 1024 4975 nosci
1045 4907 1205 4990 deputatos
1226 4906 1374 4989 quosdam
1395 4905 1622 4972 duscaticarum
1650 4908 1802 4974 civitatum
1824 4911 1996 4976 oratoribus
2086 4897 2092 4916 '

168 5027 361 5096 Nonsuolriae
382 5037 445 5094 cum
467 5027 641 5106 obtulimus,
663 5027 790 5094 eandem
812 5045 893 5094 nunc
912 5028 1019 5094 iisdem
1040 5029 1166 5096 urbibus
1187 5025 1287 5093 denno
1308 5027 1437 5112 benigne
1457 5026 1631 5108 offeramus,
1654 5027 1777 5108 eiusque
1795 5029 1996 5122 concessionis

169 5157 292 5214 nostrae
315 5156 450 5213 tenorem
472 5145 568 5212 intus
588 5146 715 5214 Vestrae
736 5145 953 5230 Styliardensis
974 5145 1140 5228 praelecto,
1163 5162 1253 5226 quem
1273 5144 1511 5212 ildermanuum
1532 5154 1650 5224 rorant,
1671 5147 1786 5228 scripto
1808 5122 1886 5212 tradi
1908 5130 1996 5214 inssi-

170 5283 249 5348 mue,
272 5267 324 5348 qui
346 5264 384 5332 de
404 5265 461 5332 bec
483 5273 546 5331 toto
565 5283 656 5334 conso
674 5281 729 5334 ros
750 5267 839 5348 plene
860 5266 1004 5332 certiores
1026 5265 1125 5332 tacere
1146 5267 1267 5348 poterit.
1307 5265 1349 5364 iit
1363 5283 1435 5331 rere
1452 5266 1527 5330 lineo
1546 5268 1653 5330 veteris
1668 5268 1840 5335 commercii
1860 5268 1996 5334 instituta

171 5387 250 5453 ratio
270 5385 389 5451 ieiicius
409 5383 556 5468 procedat
574 5395 605 5452 et
625 5385 665 5454 ad
685 5393 822 5470 optatum
843 5385 955 5454 exitum
977 5384 1171 5468 provehetur,
1193 5373 1542 5452 merceturibmuouris
1560 5383 1996 5478 adrentueriismanderimns,

240 5537 447 5610 boneumgtt.
1761 5536 1796 5592 it
