4716 6330
422 632 476 712 72
1185 626 1293 722 llll,
1320 631 1406 701 Mira
1429 625 1491 700 20.

420 915 659 998 transgressione
682 915 763 979 lacta
785 929 838 978 seo
861 911 1009 990 iacienda,
1032 912 1199 992 paralius,
1221 915 1506 995 qmmperipsm,
1529 929 1590 978 non
1611 918 1808 992 arrestentnr,
1831 931 1887 978 uec
1908 925 2086 998 prouentur,
2115 923 2243 999 pmutin

419 1035 513 1097 cartis
536 1041 565 1096 et
586 1032 814 1098 confirmatione
835 1030 978 1113 predictis
1000 1030 1120 1109 plenius
1142 1032 1329 1096 continetur:
1359 1033 1480 1111 iamque
1502 1049 1540 1096 ex
1559 1035 1649 1114 graui
1670 1033 1860 1111 querimonia
1877 1040 2080 1099 mercatorum
2102 1033 2140 1099 dc
2154 1035 2242 1102 Hmsa
2341 1107 2342 1135 χ

417 1148 609 1227 alemannie,
638 1151 669 1214 in
692 1165 788 1232 regno
809 1157 914 1214 nostro
935 1148 1073 1230 predicto
1095 1148 1134 1214 ad
1157 1165 1283 1228 presens
1306 1150 1515 1232 exurentium,
1547 1149 1799 1214 intellexerimusc
1833 1149 1914 1229 quod
1946 1151 2018 1216 licet
2044 1153 2104 1232 ipsi
2136 1153 2242 1219 diaeum
2299 1137 2301 1144 ’
2341 1143 2342 1170 ³

419 1269 498 1333 bona
520 1277 549 1333 et
570 1267 777 1334 mercandisns
798 1268 837 1333 ad
854 1268 988 1332 valorem
1005 1283 1064 1332 non
1081 1267 1234 1332 modicum
1252 1265 1447 1332 emendemur
1470 1283 1563 1348 usque
1584 1267 1723 1332 diuersos
1744 1275 1852 1350 portus
1868 1272 1953 1351 regui
1974 1274 2082 1348 nostri,
2104 1271 2144 1335 ad
2164 1289 2196 1335 ce
2215 1277 2241 1336 in

419 1387 525 1453 eodem
548 1402 643 1468 regno
665 1395 771 1452 nostro
792 1387 973 1451 mercatoria
989 1385 1161 1464 vendenda,
1180 1401 1278 1466 nuper
1299 1383 1490 1463 adduxerint,
1513 1394 1543 1450 et
1564 1403 1599 1450 ea
1621 1387 1660 1452 de
1676 1403 1769 1451 cansa
1791 1388 1823 1450 in
1845 1387 1983 1467 partibus
2004 1389 2149 1468 predictis
2168 1390 2244 1454 saluo

418 1515 448 1568 et
474 1523 580 1570 secure
608 1503 804 1570 custodienda
832 1506 1069 1587 hospitauerint,
1099 1504 1222 1584 quidam
1253 1512 1351 1568 tameo
1379 1500 1547 1570 Hernicus
1570 1501 1686 1592 Spiccr
1715 1505 1753 1570 de
1774 1502 1905 1592 Πανὸς),
1937 1506 2133 1586 marchaunt,
2161 1509 2244 1573 diuos

421 1631 609 1690 mercatores
637 1623 675 1688 dc
696 1621 798 1688 llrnsa
828 1631 934 1688 contra
957 1632 1076 1688 tenores
1104 1631 1256 1688 cartarum
1284 1629 1315 1688 et
1340 1623 1584 1688 confirmationes
1613 1623 1819 1704 predictarum
1853 1625 2032 1690 machinans
2060 1643 2244 1710 pregrauare,
2341 1671 2342 1680 ,

417 1744 506 1808 nobis
530 1747 666 1826 grauiter
695 1741 906 1822 conquerendo
933 1743 1162 1819 monstrarent,
1190 1743 1290 1822 ipsum
1319 1757 1375 1821 per
1402 1749 1586 1806 mercatores
1615 1744 1653 1807 de
1680 1741 1783 1807 llansa
1811 1747 1842 1806 in
1869 1745 2009 1825 partibus
2030 1744 2189 1829 Norwegie
2212 1746 2243 1810 de

419 1862 509 1926 bonis
530 1870 559 1924 et
581 1861 780 1926 mercandisis
802 1865 866 1925 suis
889 1859 1043 1941 usquead
1066 1859 1199 1924 valorem
1222 1863 1455 1940 quingentarum
1478 1860 1626 1925 librarum
1657 1861 1840 1942 etamplius
1868 1865 1968 1926 minus
1991 1867 2068 1927 iuste
2090 1882 2127 1928 ec
2148 1873 2242 1930 contra

416 1978 548 2044 lormam
569 1986 915 2060 appuoctuamentorum
938 1982 1024 2060 pacis
1045 1986 1075 2042 et
1096 1980 1232 2042 amicicie
1254 1978 1411 2042 internos
1433 1987 1463 2043 et
1484 1977 1581 2044 dictos
1609 1987 1794 2044 mercatores
1822 1979 1860 2044 de
1882 1979 1982 2046 llausa
2011 1990 2083 2046 ante
2104 1982 2159 2046 lrec
2180 1993 2245 2048 tcm-

417 2115 495 2178 pora
516 2097 665 2162 factorum
687 2107 717 2162 et
738 2098 950 2162 conclusorum
972 2095 1154 2178 perplures
1176 2112 1273 2160 anuos
1294 2099 1355 2160 iam
1378 2095 1501 2177 elapsos
1522 2097 1660 2176 spoliari,
1683 2115 1719 2162 ac
1741 2097 1820 2162 idern
1843 2097 1989 2164 llenricus
2014 2097 2123 2182 spicer
2142 2119 2179 2165 ex
2198 2102 2246 2166 luc

386 2226 391 2233 “
417 2233 510 2282 ceusu
532 2235 550 2281 a
573 2217 662 2282 nolis
682 2217 830 2296 quasdam
854 2216 969 2280 litteras
991 2223 1111 2278 nostras
1129 2221 1266 2296 patentes
1285 2213 1323 2278 dc
1340 2229 1468 2295 marona
1488 2231 1592 2280 rusus
1615 2225 1799 2281 mercatores
1818 2216 1856 2280 de
1873 2217 1974 2282 llansa
1994 2219 2135 2296 nouauit,
2157 2229 2186 2284 et
2204 2237 2246 2284 ers

417 2339 525 2416 exequi
546 2339 671 2400 omuino
693 2334 835 2399 intendite
856 2335 930 2412 Nos,
954 2337 1103 2414 premissa
1125 2333 1363 2410 considerantes,
1386 2339 1416 2396 et
1437 2333 1571 2398 uolentes
1587 2334 1685 2398 motos
1707 2343 1892 2400 mercatores
1905 2336 1943 2402 de
1964 2335 2066 2402 mosa
2081 2337 2246 2402 Alemannis

376 2427 390 2438 ³
418 2460 500 2519 inxta
523 2459 594 2532 uim,
617 2453 748 2518 lormam
771 2461 802 2516 et
822 2453 960 2518 ellectum
983 2459 1148 2529 cartarum,
1171 2451 1416 2516 confirmacionis
1437 2461 1466 2516 et
1489 2454 1626 2516 amicicie
1648 2453 1854 2534 predictarum
1868 2455 2054 2520 munenibus
2067 2460 2246 2538 pertractari

416 2574 454 2637 de
476 2577 580 2654 gracia
603 2579 706 2636 nostra
736 2571 863 2650 speciali
891 2579 921 2635 et
950 2588 989 2634 ex
1011 2579 1092 2634 certa
1122 2571 1253 2634 sciencia
1281 2577 1400 2646 nostra,
1434 2573 1623 2650 suscepimus
1650 2587 1756 2636 omnes
1783 2579 1968 2636 mercatores
1995 2573 2033 2638 de
2060 2573 2162 2638 llansa
2188 2574 2246 2638 lle

417 2693 548 2768 mannia,
570 2695 602 2754 in
623 2707 720 2772 regno
741 2697 847 2754 nostro
856 2689 966 2772 anglie
988 2705 1045 2770 pro
1068 2696 1204 2769 tempore
1228 2689 1397 2768 existentes,
1419 2697 1447 2752 et
1470 2693 1500 2752 in
1524 2705 1577 2754 seu
1600 2705 1704 2754 rerrtrs
1718 2691 1939 2774 idamrcgnum
1961 2709 2017 2773 per
2030 2709 2127 2772 orare,
2148 2708 2247 2772 nquam

417 2813 481 2874 siue
503 2819 615 2874 terram
633 2813 743 2888 quouis
760 2807 852 2872 modo
873 2811 1035 2884 uenientes,
1058 2824 1112 2872 seu
1134 2807 1244 2872 abinde
1266 2815 1421 2885 exeuntes,
1444 2815 1691 2887 eorumactoros,
1714 2806 1856 2888 lectores,
1879 2811 2056 2888 semirutas,
2078 2810 2246 2888 lemiliarm,

417 2937 584 2993 attornatos
606 2937 636 2991 et
658 2927 828 3008 deputatos,
851 2942 968 2991 necnon
991 2927 1081 3003 boun,
1105 2943 1166 3004 res,
1189 2925 1405 3003 mercandisas,
1428 2927 1782 3005 mercimonianautas,
1804 2929 2005 3007 marinarios,
2037 2947 2133 2996 naues
2154 2940 2182 2994 ct
2201 2947 2247 2994 oa·

417 3051 501 3130 nigla
523 3063 579 3110 sua
600 3062 806 3127 quecumque,
832 3061 889 3124 per
910 3061 1009 3120 marc,
1041 3061 1077 3108 ac
1099 3042 1179 3108 iulra
1201 3060 1254 3109 seu
1277 3046 1317 3109 ad
1345 3060 1472 3126 mum
1502 3052 1639 3109 nostrum
1661 3044 1771 3130 anglie
1804 3047 2006 3125 quordsmodo
2034 3051 2199 3126 reniencia,
2223 3057 2247 3110 ct

416 3166 456 3230 ah
478 3165 585 3230 eodem
607 3181 703 3248 regno
725 3181 778 3228 sen
801 3172 887 3230 extra
909 3165 989 3229 idem
1013 3179 1139 3248 regnum
1162 3163 1364 3244 quouismodo
1385 3167 1546 3241 excuncta,
1576 3167 1606 3228 iu
1629 3167 1870 3243 promocionem,
1901 3168 2063 3232 tuicionem
2100 3177 2130 3234 et
2155 3167 2248 3232 ducu-

416 3287 532 3349 sionem
555 3293 584 3348 et
605 3263 724 3348 saluam
746 3283 885 3366 gordiam
908 3290 1029 3346 nostras
1051 3282 1216 3360 speciales,
1248 3283 1336 3346 dictis
1358 3256 1466 3346 litteris
1489 3285 1601 3346 nostris
1622 3282 1660 3346 de
1683 3297 1809 3361 marqua
1837 3301 1891 3348 seu
1918 3285 1988 3349 aliis
2016 3285 2126 3350 litteris
2148 3287 2248 3351 nornis

416 3404 454 3469 dc
474 3419 602 3483 marqua
625 3403 690 3467 siue
712 3403 870 3482 reprisalia
892 3411 962 3465 ante
984 3400 1040 3464 lrec
1069 3409 1207 3479 tempora
1237 3401 1390 3466 concessis
1418 3417 1472 3464 seu
1494 3401 1693 3480 imposterum
1721 3401 1938 3480 concedendis,
1970 3405 2246 3470 nonobstantibus.

568 3520 607 3584 lit
627 3521 695 3586 ideo
717 3521 802 3586 uobis
821 3519 1012 3596 mandamus,
1034 3519 1116 3599 quod
1138 3533 1242 3584 omncs
1259 3517 1412 3597 predictos
1425 3527 1612 3584 mercatores
1624 3520 1662 3584 dc
1675 3518 1776 3584 llansa
1790 3520 1981 3600 Alemannie,
2003 3539 2110 3588 eorum
2128 3533 2247 3600 actoru,

416 3639 558 3714 lectores,
581 3638 758 3717 familiares,
780 3641 957 3716 seruientes,
979 3645 1149 3702 attornatos
1170 3645 1200 3700 et
1221 3638 1381 3716 deputatos
1402 3653 1486 3714 suos,
1510 3643 1540 3700 et
1560 3653 1665 3702 corum
1688 3638 1858 3717 cuiuslibet,
1880 3655 2089 3722 quoscunque,
2112 3660 2150 3707 ac
2167 3646 2247 3720 lona,

418 3775 478 3837 res,
501 3767 620 3836 nautas,
645 3759 838 3834 marinarios,
861 3773 971 3832 naues,
994 3757 1116 3839 nauigia
1139 3764 1168 3819 ct
1189 3755 1396 3820 mercandisas
1417 3771 1473 3822 sna
1495 3771 1698 3835 quecumque,
1730 3764 1815 3822 extra
1838 3773 1964 3842 regnum
1986 3769 2125 3827 oosuum
2148 3762 2248 3844 Aegiis

419 3893 522 3942 uersus
546 3891 753 3955 qrrascumque
775 3883 877 3957 partes
899 3883 1029 3951 exteras,
1053 3874 1100 3937 rlri
1122 3873 1180 3938 sibi
1203 3875 1362 3954 placuerit,
1385 3873 1580 3950 transeundo,
1603 3882 1633 3938 et
1654 3879 1684 3938 itt
1706 3875 1820 3940 dictum
1843 3895 1969 3960 regnum
1982 3887 2122 3944 nostrum
2138 3879 2247 3962 loglie,

418 4005 479 4059 tam
501 4011 558 4073 per
579 4011 674 4072 marc,
697 4010 789 4073 quam
811 3997 843 4056 in
864 3993 934 4056 aliis
957 3992 1032 4056 locis
1053 3992 1303 4081 quibuscumque,
1327 3993 1536 4070 vertennaco
1557 3991 1668 4057 ibidem
1689 3995 1855 4075 morando,
1889 4005 1920 4060 et
1940 3997 2051 4062 abinde
2072 3997 2248 4063 transeundo

416 4114 653 4190 manuteneatis,
680 4113 849 4196 protegatis
870 4120 901 4176 ct
920 4108 1108 4188 defendatis,
1138 4125 1198 4174 non
1220 4109 1384 4176 intercutes
1405 4115 1449 4176 cis
1472 4111 1518 4175 rel
1540 4110 1647 4176 iolarri
1668 4117 1875 4194 permittentes
1897 4117 2050 4195 iniuriam,
2073 4118 2247 4192 molestiam,

417 4233 595 4312 dampnum,
619 4232 808 4307 violenciam,
830 4229 1077 4311 impedimentum
1094 4227 1218 4308 aliquod
1241 4244 1294 4293 seu
1316 4245 1495 4310 grauamen.
1527 4228 1614 4293 Etsi
1635 4231 1978 4310 qnideislorislactum
2000 4237 2066 4300 sine
2081 4238 2247 4301 iniuriarum
2341 4250 2346 4263 ·

418 4350 525 4428 inerit,
548 4349 577 4414 id
601 4351 645 4414 eis
667 4353 732 4413 sinc
754 4348 905 4415 dilacione
932 4346 1031 4410 debite
1058 4347 1171 4429 corrigi
1198 4353 1227 4410 et
1255 4345 1415 4411 reformari
1437 4345 1565 4412 iacietis.
1609 4347 1646 4410 lit
1667 4348 1791 4414 ulterius
1814 4350 1850 4416 dc
1872 4353 2005 4417 ulreriori
2025 4357 2131 4437 gracia
2153 4362 2248 4418 nostra

415 4469 556 4533 rolnmns
577 4477 607 4533 et
627 4466 832 4544 concedimus,
854 4463 936 4545 quod
958 4463 1029 4528 dicti
1051 4471 1234 4528 mercatores
1256 4462 1293 4528 de
1316 4463 1416 4529 llansa
1438 4463 1617 4530 alemannie
1639 4474 1668 4529 et
1690 4463 1796 4532 corum
1819 4473 1950 4549 actores,
1979 4469 2122 4551 lectores,
2145 4471 2249 4538 fauli-

416 4603 496 4665 aras,
529 4587 712 4662 seruientes,
741 4585 884 4648 attornati
906 4585 971 4648 siue
993 4580 1144 4662 deputati,
1176 4585 1206 4646 in
1228 4583 1352 4662 plenam
1378 4591 1408 4646 et
1428 4584 1588 4664 pristinam
1609 4588 1833 4666 possessionem
1856 4596 1886 4652 et
1906 4597 2086 4668 potestatem
2108 4593 2248 4656 nouorum

416 4715 447 4770 et
468 4703 729 4770 mercandisarum
751 4716 895 4779 suorum,
925 4703 952 4765 si
973 4717 1031 4782 per
1051 4699 1171 4778 aliquos
1193 4706 1282 4779 capta
1304 4717 1357 4766 seu
1380 4710 1529 4767 amestata
1550 4701 1677 4780 luerint,
1706 4705 1738 4768 in
1759 4721 2019 4788 quorumcumque
2040 4711 2180 4776 manibrrs
2199 4723 2248 4772 seu

416 4823 609 4907 possessione
631 4821 711 4885 bone
741 4829 772 4886 et
792 4818 981 4884 mercandisc
1002 4817 1057 4882 illa
1080 4819 1207 4882 inveniri
1229 4826 1389 4900 poterunt,
1422 4819 1558 4899 plenarie
1588 4829 1617 4885 et
1643 4824 1760 4906 integre
1789 4825 2000 4904 restituantur,
2033 4825 2122 4892 dictis
2149 4827 2249 4891 litteris
2352 4885 2353 4912 ἶ

418 4943 531 5008 nostris
552 4939 591 5006 de
612 4955 740 5018 marona
763 4925 882 5018 prelato
904 4935 1035 5002 llenrico
1057 4931 1182 5015 Spicer,
1210 4946 1263 5000 aut
1284 4935 1376 5001 aloni
1398 4937 1451 5002 alii
1478 4955 1626 5018 persone,
1640 4949 1685 5006 .ut
1708 4939 1878 5022 predictum
1900 4951 1962 5022 est,
1992 4947 2162 5024 concessis,
2190 4947 2249 5010 siue

418 5059 524 5139 aliquo
546 5057 607 5122 alio
630 5057 773 5121 mandato
796 5063 899 5121 acano
921 5060 1007 5135 prins
1029 5056 1060 5118 in
1083 5056 1269 5120 contrarium
1294 5055 1411 5120 directo
1433 5073 1493 5120 non
1516 5057 1716 5124 obstantibus.
1760 5058 1903 5124 Nolcntcs
1923 5061 2005 5140 quod
2027 5063 2119 5128 iidem
2140 5079 2249 5129 merca·

418 5188 498 5242 tores
521 5185 574 5242 aut
595 5192 700 5242 eorum
722 5181 851 5251 actores,
874 5173 1015 5254 lectores,
1038 5172 1215 5251 familiares,
1238 5175 1414 5252 seruientcs,
1437 5181 1580 5240 attornati
1602 5181 1667 5242 siue
1689 5179 1835 5259 deputati,
1857 5186 1910 5242 aut
1930 5195 2035 5244 eorum
2056 5181 2177 5264 aliquis,
2198 5199 2248 5246 nec

419 5299 509 5372 bona,
533 5312 592 5372 res,
615 5301 715 5371 naute,
738 5293 906 5372 marinarii,
929 5309 1033 5372 naues,
1056 5293 1189 5376 nauigia,
1211 5301 1242 5356 et
1258 5293 1446 5360 mercandiee
1463 5311 1518 5360 sua
1535 5296 1671 5375 predicta
1687 5312 1885 5376 quecumqtm,
1907 5301 2066 5364 occmicne
2081 5299 2247 5368 ncnsmodr
