4716 6330
667 668 776 766 1427,
802 673 866 743 liu
890 669 926 742 b.
952 703 1002 724 ·-
1031 667 1140 767 teet,
1166 674 1230 745 uui
1258 671 1315 744 1⁰.
1880 674 1936 759 55

99 1059 300 1145 LXXIII.
337 1063 417 1143 Der
434 1061 649 1143 Geisllt‘olre
671 1062 727 1142 W.
739 1062 894 1166 Huptorr
907 1066 1113 1169 testrep
1130 1015 1216 1145 dem
1231 1063 1493 1186 R.Bolrelorrd
1504 1067 1585 1147 ruod
1601 1069 1745 1148 descen
1758 1067 1936 1172 Edefrou

164 1217 348 1298 Joltoono
377 1221 486 1296 eer'rw
515 1215 663 1296 Becltle
695 1242 747 1295 oo
778 1217 864 1297 dem
898 1216 1170 1342 Greedslttelte
1199 1217 1281 1296 und
1309 1218 1393 1321 Kop
1421 1225 1463 1298 c'rt
1499 1219 1716 1324 Wundepos
1745 1221 1866 1302 que.

871 1361 989 1470 1i27,
1019 1369 1101 1450 Mos·
1125 1365 1163 1448 6.
1279 1367 1283 1380 '

248 1547 351 1615 Sciunt
387 1557 541 1630 presentes
579 1557 608 1612 et
647 1548 756 1627 nturi,
800 1548 881 1628 quud
923 1566 980 1633 ego
1020 1549 1195 1614 willelmus
1234 1551 1368 1633 lleyton,
1413 1553 1558 1628 clericus,
1602 1552 1688 1630 dedi,
1733 1556 1866 1616 concessi
1905 1563 1935 1617 et

97 1671 150 1733 nnc
172 1670 306 1750 presenti
328 1676 410 1732 certe
433 1684 500 1731 meu
522 1667 699 1732 coutirmeui
720 1665 851 1732 Ricardo
874 1661 1044 1745 Bolelnud,
1076 1671 1136 1732 ciui
1158 1678 1186 1732 et
1217 1668 1228 1748 lt
1256 1673 1417 1734 mercatori
1440 1669 1588 1748 London,
1611 1681 1640 1734 et
1662 1671 1816 1749 iohanne,
1848 1673 1933 1734 oxori

96 1793 168 1866 eius,
191 1795 289 1852 totum
312 1793 512 1850 tenementum
535 1799 634 1850 meum
657 1797 726 1849 cum
740 1785 829 1868 vleupo
852 1787 1018 1864 adiacente,
1040 1787 1131 1851 simul
1154 1801 1223 1852 cnm
1244 1789 1387 1854 omnibus
1407 1789 1684 1866 commoditatibus,
1706 1791 1891 1853 aisiamentis
1907 1793 1918 1872 tl

96 1915 123 1970 et
154 1907 366 1985 pertinenciis,
403 1900 547 1983 predictis
588 1908 756 1969 tenemento
789 1913 819 1969 et
852 1901 931 1986 lupo
964 1906 1223 1986 qualitercumque
1262 1905 1498 1986 pertinentibus,
1544 1907 1687 1972 situatum
1729 1912 1759 1970 iu
1804 1908 1932 1984 tenelle,

97 2033 198 2088 uocem
232 2021 497 2104 wyndegoslsne,
536 2023 566 2086 ln
600 2023 745 2103 parocbia
783 2021 794 2106 l
832 2022 975 2087 Omnium
1010 2021 1189 2090 smecrun
1224 2027 1262 2088 nd
1295 2025 1396 2088 lentim
1432 2025 1583 2104 terion,
1618 2028 1696 2090 iuter
1730 2033 1933 2090 tenementum

96 2158 189 2221 nuper
209 2139 416 2205 Bertbotomei
437 2138 629 2224 Flresdynge
650 2155 687 2205 ex
708 2150 796 2220 pute
817 2142 967 2219 orientali,
990 2151 1021 2205 et
1042 2143 1156 2224 layum
1176 2151 1317 2208 vocaturn
1342 2139 1602 2230 listrrliuplcottc
1623 2159 1660 2207 ex
1682 2153 1769 2223 perte
1790 2144 1933 2207 occiden-

96 2262 160 2338 tali,
204 2277 242 2324 ec
274 2271 384 2338 equum
416 2257 571 2322 Thumisie
602 2275 639 2323 en
671 2268 758 2338 perte
790 2261 934 2336 eosneii,
977 2269 1007 2323 et
1040 2267 1241 2326 tenementum
1273 2275 1372 2342 nuper
1404 2259 1556 2342 itsdulpbi
1590 2261 1743 2344 biuleuey
1776 2279 1814 2326 er
1846 2270 1933 2341 perte

96 2379 284 2458 aquilonari,
318 2377 398 2455 cuod
425 2377 546 2456 quiden
575 2384 775 2442 teuernenton
803 2391 871 2442 curu
899 2380 980 2459 layo
1009 2377 1165 2444 adiacente
1192 2393 1291 2460 nuper
1318 2381 1408 2444 simul
1429 2393 1502 2444 curu
1524 2379 1643 2463 liugero
1665 2380 1815 2462 lwyiord
1838 2381 1933 2444 bubni

97 2515 131 2559 er
155 2498 240 2561 douo
267 2503 296 2560 et
323 2497 516 2560 concessione
543 2495 669 2573 predicti
696 2496 835 2573 lliesrdi,
870 2495 1042 2560 nubendum
1076 2505 1108 2560 et
1135 2497 1295 2561 tenendum
1325 2497 1494 2578 predictum
1521 2507 1723 2562 tenementum
1751 2513 1820 2562 cum
1850 2501 1932 2580 ksyo

96 2615 248 2679 adiacente
269 2613 421 2694 predicto,
452 2614 541 2677 simui
568 2627 636 2677 cum
663 2615 803 2678 omnibus
829 2615 1109 2692 communioribus,
1140 2617 1326 2680 uisinmentis
1348 2625 1377 2680 et
1398 2618 1775 2700 pertinenciispredtctis,
1805 2616 1931 2697 prelatis
2010 2601 2017 2616 “

96 2734 222 2797 itienrdo
251 2741 282 2796 et
308 2731 440 2808 lunone,
478 2735 563 2794 exori
594 2733 672 2809 eius,
713 2731 875 2797 heredibus
907 2741 936 2796 et
964 2735 1127 2816 resignetis
1156 2734 1219 2798 suis
1246 2735 1469 2815 imperpetuum
1492 2731 1652 2800 tenendum
1682 2735 1720 2800 de
1749 2735 1932 2816 capitalibus

96 2852 223 2915 dominis
254 2850 334 2915 leodi
363 2846 446 2914 illius
471 2863 528 2929 per
556 2852 684 2914 seruicia
715 2849 783 2914 inde
809 2849 910 2915 tlenitu
943 2861 972 2915 et
1005 2855 1070 2916 lure
1103 2861 1257 2916 musteis.
1310 2853 1342 2916 ln
1374 2856 1460 2916 cuius
1493 2857 1536 2916 rei
1568 2856 1774 2917 testimoninm
1807 2869 1932 2934 presen-

96 2971 170 3034 tibus
203 2969 339 3051 sigillum
377 2981 476 3032 meum
511 2972 652 3049 apposni.
706 2967 770 3033 iliis
804 2971 947 3033 testibus:
989 2967 1128 3034 lobanne
1160 2967 1336 3052 ileynrtell,
1370 2979 1440 3035 muc
1472 2971 1587 3036 maiore
1620 2973 1751 3036 eioitutis
1784 2971 1930 3045 london,

96 3083 235 3152 lieberto
254 3083 367 3152 Arnold
401 3095 431 3150 et
457 3082 596 3150 lobonue
623 3085 785 3170 lligbom,
801 3096 872 3152 tunc
906 3089 1131 3152 vicecomitibus
1164 3089 1297 3152 eiusdem
1330 3091 1476 3167 ciuitatis,
1511 3090 1657 3154 nicuctao
1685 3089 1825 3168 Wotton,
1859 3099 1930 3154 tunc

97 3207 172 3270 iliius
206 3205 313 3270 werede
347 3203 562 3282 alterumue,
595 3203 726 3282 ilenrico
754 3205 866 3270 barton
899 3213 927 3269 et
956 3206 1089 3270 boberto
1118 3205 1347 3289 Wbltingbem,
1382 3208 1587 3272 oldermnnuis
1620 3209 1753 3272 eiusdem
1788 3211 1928 3284 ciuitatis,

95 3325 227 3389 lobsnuc
249 3323 388 3405 Melit
415 3326 444 3387 et
463 3322 603 3386 ionnnne
630 3319 814 3402 Bitterdene‚
848 3326 1020 3404 pruneriis,
1058 3319 1196 3388 totumne
1226 3321 1450 3402 Wessbbome,
1484 3339 1616 3403 mercer,
1654 3326 1791 3390 lobaune
1819 3326 1929 3404 liliton,

97 3453 244 3520 armatur,
272 3451 302 3505 et
323 3440 402 3505 eliis.
447 3441 557 3506 lictum
580 3440 718 3520 london,
753 3451 838 3506 serto
865 3441 914 3507 die
936 3439 1051 3520 Martii,
1079 3459 1159 3507 enno
1181 3447 1267 3527 regni
1291 3445 1371 3526 mgis
1393 3443 1513 3507 llenrici
1541 3447 1617 3508 sexti
1641 3453 1709 3525 post
1731 3453 1929 3524 mnooeuum

97 3564 204 3639 orriolo.

96 3783 298 3866 hXXIV.
336 3786 415 3865 Der
438 3785 651 3867 Geiellidre
673 3787 728 3866 W.
745 3785 899 3889 Heptou
919 3787 1231 3893 decolleticlrts‘pt
1255 3788 1320 3867 lit.
1345 3787 1474 3893 Yonpe
1492 3789 1575 3868 sord
1592 3789 1658 3868 lli.
1675 3721 1845 3869 resec
1861 3809 1929 3867 serr

214 3939 571 4044 Besilzorrtoet'suup
597 3943 727 4019 seces
755 3936 1048 4020 Gmudsldclres
1069 3941 1151 4021 ced
1174 3939 1281 4042 Kups
1305 3947 1345 4020 e'o
1377 3937 1594 4046 Wpudepoe
1619 3941 1728 4020 Larte
1753 3967 1804 4021 ou

446 4091 494 4170 it.
512 4090 718 4172 Bolrelootl
741 4092 823 4172 uod
847 4093 990 4176 descen
1013 4092 1201 4196 Ekefrott.
1262 4093 1377 4194 1431,
1408 4092 1490 4172 Moe·
1507 4091 1571 4172 16.

243 4273 389 4337 Nouerint
409 4274 542 4336 uniuersi
568 4289 625 4353 per
645 4281 801 4363 presentes
828 4287 893 4351 me,
924 4272 1114 4338 Wilielmum
1137 4273 1271 4355 llsyton,
1301 4274 1460 4350 clericum,
1482 4273 1606 4351 iecisse,
1630 4275 1787 4338 ordinasse
1809 4283 1839 4337 et
1859 4276 1928 4338 loco

97 4407 158 4455 meo
189 4393 329 4472 posuisse
369 4388 496 4454 dilectos
529 4391 618 4455 michi
651 4393 682 4456 in
715 4391 839 4456 Christo
869 4390 1018 4456 'lirumsm
1054 4392 1158 4473 longe
1190 4401 1219 4456 et
1250 4391 1400 4456 'lbomrm
1434 4389 1557 4455 Ponnde
1597 4405 1684 4456 retus
1722 4392 1873 4474 legitimos
1899 4391 1912 4474 ll

97 4518 260 4576 alternatos
281 4525 380 4588 meos,
408 4511 590 4574 coniunctim
614 4518 644 4576 et
664 4511 802 4588 diuisim,
832 4511 869 4573 ud
892 4510 1121 4575 deliberandum
1143 4511 1264 4574 nomine
1295 4524 1363 4575 meo
1393 4520 1420 4574 et
1446 4521 1504 4589 pro
1531 4525 1579 4573 me
1601 4509 1730 4574 llicnrclo
1760 4510 1926 4589 Bokelnnd,

98 4631 150 4692 ciui
171 4639 200 4694 et
222 4631 383 4693 mercatori
406 4626 548 4706 london,
579 4637 609 4693 et
629 4627 784 4706 luhouue,
814 4631 898 4692 uxori
922 4639 989 4706 sue,
1024 4625 1184 4692 heredibus
1211 4637 1242 4693 et
1270 4641 1376 4692 eorum
1406 4630 1568 4711 assignetis
1595 4629 1715 4708 plenum
1745 4637 1775 4692 et
1800 4628 1811 4710 lt
1843 4633 1928 4707 proi·

97 4745 178 4810 icsm
201 4749 343 4812 seisiurm
364 4747 403 4810 tle
424 4755 455 4810 et
475 4749 506 4810 iu
529 4753 592 4811 toto
614 4755 783 4811 tenemento
805 4763 872 4812 meo
894 4764 962 4811 curn
987 4747 1068 4828 leyo
1090 4746 1254 4825 adiacente,
1285 4749 1374 4811 simui
1397 4763 1466 4812 eum
1488 4747 1628 4814 omuibus
1651 4746 1925 4824 commoditatibus,

99 4865 277 4930 aisiamentis
298 4873 328 4928 et
349 4865 456 4928 ceteris
477 4867 540 4929 suis
561 4867 750 4944 pertinentiis
773 4874 803 4930 ct
823 4866 940 4930 iuribus
967 4866 1206 4945 quibuscumque
1228 4867 1371 4947 predictis
1396 4875 1564 4931 tenemento
1588 4864 1600 4948 l
1628 4873 1658 4929 et
1679 4866 1759 4946 layo
1781 4864 1926 4946 qualiter-

98 4996 219 5065 cumque
245 4981 467 5062 spectantibus,
500 4984 611 5047 situato
637 4985 669 5046 in
696 4983 813 5048 venetie
840 4992 946 5048 rocntn
974 4983 1240 5068 Wyndegoselene
1272 4989 1302 5047 in
1335 4985 1480 5065 peroebis
1500 4982 1646 5048 Omnium
1672 4979 1853 5050 Senetmum
1887 4987 1925 5048 ed

99 5097 194 5164 lenum
228 5099 382 5180 london,
406 5095 583 5165 ¹secundum
616 5101 692 5178 um,
725 5099 871 5180 lormom,
912 5109 1046 5166 tenorem
1079 5110 1108 5166 et
1140 5103 1277 5167 ellectum
1310 5103 1466 5168 cuiusdam
1497 5111 1581 5167 certe
1613 5120 1668 5184 per
1699 5119 1748 5168 me
1781 5108 1824 5167 eis
1856 5102 1926 5167 inde

99 5217 245 5299 conlecte,
284 5229 383 5284 retum
417 5229 446 5283 et
476 5228 595 5304 gratum
630 5219 788 5284 habiturus
820 5219 964 5299 quicquid
997 5217 1068 5283 dicti
1101 5224 1243 5285 attornati
1277 5225 1336 5286 mei
1370 5223 1551 5286 coniunctim
1583 5230 1613 5285 et
1645 5223 1766 5286 diuisim
1799 5221 1925 5285 iecerint

99 5339 212 5402 numine
234 5353 301 5402 meo
323 5341 353 5402 ln
375 5341 546 5419 premissis,
580 5347 671 5418 prout
692 5337 803 5402 ibidem
825 5337 1027 5418 personaliter
1049 5341 1234 5406 interessem.
1280 5339 1310 5402 iu
1334 5342 1419 5405 cuius
1441 5346 1485 5406 rei
1508 5343 1709 5405 testimouium
1732 5341 1922 5421 presentibus
2005 5349 2013 5357 '
