4834 6338
454 643 541 728 206
1201 637 1310 737 isto,
1335 643 1457 736 August
1482 639 1517 710 l.

455 933 588 998 habeant
607 929 707 996 hune
727 935 823 994 totum
843 933 906 1008 ius,
928 927 1009 1009 qnod
1031 925 1167 1015 easque
1190 938 1330 1016 ternpore
1350 928 1463 994 ibidem
1488 923 1500 1009 [Ι
1527 925 1695 992 babuerunt
1720 924 1752 992 in
1773 925 1862 1006 aquis
1882 933 1912 990 st
1933 928 2036 1004 terris,
2064 934 2202 1006 qnantum
2220 937 2257 992 est
2369 911 2370 998 l

455 1055 486 1115 in
509 1052 606 1115 nobis.
648 1047 693 1114 ltu
714 1046 847 1126 scilicet,
879 1045 961 1127 qnod
982 1048 1140 1128 unicnique
1167 1063 1272 1112 eorum
1294 1047 1398 1126 liceat,
1431 1046 1589 1127 unicuique
1609 1046 1722 1126 petenti
1743 1046 1823 1110 bona
1844 1059 1901 1109 sua
1922 1043 2064 1123 vendere,
2097 1053 2157 1111 hm
2176 1064 2257 1127 parua
2369 1035 2370 1042 ’

456 1186 547 1251 quam
568 1183 689 1251 magua,
711 1175 741 1232 et
762 1166 854 1232 simili
875 1166 966 1231 modo
988 1167 1026 1232 ab
1049 1165 1118 1231 aliis
1150 1163 1161 1248 l
1193 1182 1292 1230 emere
1311 1181 1369 1246 pro
1390 1166 1517 1247 pecunia
1538 1165 1586 1230 nel
1607 1173 1779 1246 permutare
1800 1179 1914 1229 merces
1937 1180 2005 1228 cum
2027 1165 2183 1243 mercibus,
2207 1169 2259 1229 nni-

455 1291 563 1369 cuiqne
584 1303 689 1352 eorum
710 1285 973 1364 conuenientibus,
1006 1290 1070 1350 siue
1091 1289 1130 1349 sit
1151 1285 1310 1370 burgensis
1338 1285 1403 1348 siue
1431 1284 1544 1365 hospes
1578 1283 1694 1348 ulienns
1722 1299 1775 1348 sco
1797 1283 2002 1364 undecumque
2023 1281 2131 1361 merit,
2162 1285 2260 1364 absque

367 1401 370 1408 ’
455 1413 571 1473 clssnra
592 1415 622 1471 et
642 1404 823 1489 fragmento,
845 1408 978 1487 exceptis
999 1404 1217 1470 mercatoribus
1238 1403 1317 1468 dicte
1332 1401 1430 1468 llanse
1448 1403 1480 1467 in
1498 1403 1633 1484 predicta
1650 1402 1722 1467 villu
1736 1403 1935 1481 morantibus,
1957 1403 2067 1483 quihus
2088 1403 2131 1466 nil
2150 1403 2262 1467 undere

456 1527 600 1604 debeant,
632 1533 664 1589 at
689 1527 747 1606 ipsi
775 1531 880 1604 postca
901 1523 976 1589 illud
999 1524 1109 1590 ibidem
1132 1523 1200 1588 aliis
1221 1523 1362 1588 vendunt.
1405 1521 1479 1588 ltem
1507 1523 1711 1588 concessimus
1739 1528 1768 1585 et
1789 1523 1962 1600 statuimus,
1991 1521 2073 1602 quod
2094 1521 2171 1586 benc
2188 1522 2263 1585 licent
2370 1574 2371 1582 ,

386 1685 389 1693 -
455 1647 585 1730 singuiis
610 1644 827 1710 mercatoribus
854 1643 933 1708 dicte
958 1641 1074 1726 liunse,
1107 1645 1222 1722 absque
1250 1642 1422 1722 calumpnia
1455 1642 1583 1706 alicuius
1615 1648 1767 1719 nostrum,
1799 1640 1912 1705 habere
1942 1639 2079 1720 hospicia
2111 1659 2165 1706 sua
2195 1643 2262 1722 apud
2370 1607 2371 1624 ἵ

456 1774 571 1831 eosmet
591 1766 692 1844 ipsos,
725 1771 786 1827 mm
807 1765 838 1826 in
860 1765 1000 1844 expansis
1021 1779 1112 1842 quum
1133 1763 1166 1826 in
1187 1762 1255 1825 aliis
1277 1761 1541 1845 negociacionibas
1561 1759 1707 1825 esitandis
1728 1763 1759 1823 ia
1779 1759 1925 1840 hospiciis
1946 1762 2024 1840 suis,
2058 1776 2118 1841 que
2139 1777 2193 1840 pro
2213 1763 2265 1824 suis

457 1886 590 1951 denariis
612 1882 817 1947 conduxerint
859 1881 932 1946 ltem
954 1883 1156 1946 concessimus
1183 1890 1213 1944 et
1233 1883 1391 1946 statuimus
1417 1881 1553 1964 singulos
1580 1887 1764 1944 mercatores
1789 1880 1867 1945 dicte
1888 1877 1988 1944 llanse
2015 1879 2128 1944 liberos
2155 1879 2216 1942 lore
2234 1881 2265 1942 ab

458 2006 541 2068 omni
562 2003 718 2086 managio,
747 2003 897 2084 pasnagio,
925 2003 1069 2084 pontaqic
1091 2009 1121 2065 et
1141 2002 1180 2065 ab
1202 2002 1284 2064 omni
1306 2001 1416 2065 inusito
1438 2008 1467 2064 et
1488 2001 1666 2064 inconsueto
1689 1999 1858 2078 theotonis,
1880 2007 2006 2078 excepto
2028 1999 2177 2082 hayaqio,
2198 1999 2266 2078 qnod
2371 2033 2372 2054 2

458 2123 589 2201 dabunt,
611 2130 642 2187 ut
662 2122 701 2186 ab
723 2124 848 2202 antiquo
869 2129 1004 2202 tempure
1025 2119 1107 2184 soliti
1128 2117 1264 2197 luerunt,
1287 2119 1325 2184 de
1348 2119 1436 2183 honis
1458 2135 1550 2198 super
1573 2118 1654 2202 haya
1675 2119 1800 2199 positis3
1834 2127 1879 2183 set
1900 2117 2046 2184 debonis
2069 2119 2149 2183 ulma
2169 2120 2265 2200 lapan

459 2243 587 2325 portatis
614 2241 702 2304 liberi
727 2241 787 2304 sint
815 2249 844 2304 et
872 2241 975 2319 quieti.
1018 2239 1091 2302 ltem
1114 2241 1317 2304 concessimus
1337 2247 1368 2303 et
1388 2241 1563 2316 statuimus,
1596 2238 1677 2318 quod
1699 2238 1774 2304 bene
1796 2239 1884 2302 liceat
1905 2237 2044 2302 omnibus
2067 2239 2268 2302 mercatoribus

461 2362 540 2428 dicte
561 2359 660 2425 llanse
681 2361 761 2424 bona
782 2374 856 2436 sna,
883 2361 997 2440 absque
1018 2357 1191 2440 calumpnia
1213 2357 1342 2423 alicuius
1363 2363 1517 2436 nostrum,
1546 2373 1670 2422 seruare
1691 2365 1752 2422 tam
1781 2361 1811 2422 in
1834 2373 1912 2437 aqua
1934 2373 2024 2438 quam
2047 2359 2078 2420 in
2101 2366 2181 2422 terna
2201 2361 2270 2422 etin

460 2481 604 2562 hospiciis
621 2481 694 2556 suis,
716 2493 873 2558 quousque
887 2479 1048 2542 terminum
1065 2477 1104 2542 ad
1123 2475 1282 2542 emendum
1301 2476 1534 2542 attendendum
1551 2493 1604 2542 seu
1623 2476 1826 2560 nauigandum
1842 2478 1900 2542 sibi
1915 2475 2044 2542 uiderint
2056 2479 2271 2548 ,conuenientem

460 2609 491 2663 et
515 2577 710 2680 oportunum.
757 2595 831 2662 ltem
859 2600 1064 2660 concessimus
1091 2605 1121 2659 et
1147 2600 1324 2676 statuimus,
1357 2601 1388 2658 vt
1414 2611 1483 2660 cum
1510 2597 1644 2661 uenerint
1669 2613 1763 2661 naues
1789 2596 1868 2661 dicte
1889 2595 1989 2663 llanse
2016 2596 2054 2661 ad
2083 2606 2205 2678 portum
2229 2611 2272 2660 sen
2372 2639 2373 2664 i

461 2717 567 2782 sillum
596 2725 746 2808 nostram,
777 2713 860 2795 qnod
887 2716 964 2778 bene
991 2715 1080 2780 liceat
1107 2717 1207 2779 nautis
1233 2723 1263 2778 et
1290 2715 1509 2780 mercatoribus
1536 2713 1698 2780 earundem
1727 2716 1851 2780 nauium
1872 2717 1955 2798 ipsas
1984 2732 2078 2782 naues
2102 2715 2273 2798 applicantes

461 2853 517 2918 per
544 2851 635 2900 vnum
662 2842 781 2916 tempus
809 2849 887 2912 uque
915 2833 1012 2916 ligare
1038 2840 1067 2897 et
1095 2833 1217 2898 llrmme
1243 2835 1422 2914 abicumque
1449 2833 1598 2899 voluerint
1626 2843 1655 2899 ct
1682 2835 1740 2900 sibi
1768 2843 1873 2914 aptum
1895 2835 2057 2914 crederint,
2091 2837 2205 2917 absque
2224 2834 2272 2898 ulla

460 2957 589 3035 pecnnia
617 2971 670 3018 seu
699 2952 906 3034 redemptione
936 2967 1136 3032 quacumque.
1180 2950 1233 3018 Set
1259 2954 1285 3016 si
1312 2952 1367 3016 ille
1394 2969 1487 3018 naues
1516 2952 1594 3018 vltra
1616 2971 1707 3020 mum
1729 2963 1847 3034 tempus
1868 2971 1946 3036 aque
1968 2955 2006 3020 ud
2027 2955 2141 3038 haym
2162 2957 2273 3020 aheuius

461 3075 554 3157 ligate
582 3072 709 3151 blesim,
743 3071 801 3136 uisi
830 3071 868 3136 de
893 3079 1071 3150 possessore
1098 3071 1179 3136 illius
1205 3072 1285 3153 lmye
1310 3069 1420 3138 domus
1447 3089 1504 3153 per
1524 3079 1707 3138 mercatores
1728 3073 1851 3138 illamam
1872 3075 1995 3140 nauium
2018 3075 2168 3140 conducta
2188 3073 2273 3151 herii,

463 3193 577 3258 dubunt
597 3190 825 3272 possessoribus
846 3191 928 3256 illius
950 3191 1028 3272 haye
1049 3191 1182 3269 aliquam
1203 3193 1363 3271 pecuniam
1384 3207 1441 3272 pro
1464 3189 1607 3274 ligatione
1628 3192 1750 3258 illarum
1772 3195 1906 3271 nauium,
1929 3195 2007 3258 sicut
2021 3194 2132 3262 metim
2150 3201 2274 3276 poterunt

463 3315 635 3378 conuenire.
678 3310 753 3376 ltem
774 3310 978 3375 concessimus
1008 3315 1038 3373 et
1064 3312 1240 3388 statuimus,
1274 3317 1303 3376 ut
1330 3325 1399 3374 cum
1421 3311 1555 3374 venerint
1579 3312 1660 3376 bona
1681 3320 1883 3378 mercatorum
1905 3311 1984 3378 dicte
2004 3312 2105 3378 llanse
2127 3315 2166 3378 ad
2188 3313 2274 3378 villam

463 3441 601 3498 nostram
624 3429 740 3509 unae,
767 3430 851 3511 quod
878 3447 934 3494 nos
962 3431 1030 3511 ipsa
1057 3428 1217 3512 diligenter
1244 3426 1459 3509 prouideamus
1480 3436 1641 3508 antequam
1669 3441 1828 3515 argentum
1855 3431 1911 3496 llei
1938 3431 1985 3496 rel
2011 3449 2101 3498 arras
2130 3433 2199 3498 iude
2225 3441 2274 3494 tra·

462 3552 585 3628 damus,
612 3553 685 3631 qula
706 3557 775 3630 post
795 3557 954 3632 argentum
976 3547 1154 3614 baidulum
1176 3548 1318 3612 nolumus
1338 3547 1471 3628 aliquam
1493 3550 1524 3612 in
1546 3550 1650 3630 precio
1671 3546 1770 3614 lacere
1792 3549 2036 3630 diminutionem,
2064 3569 2121 3618 nec
2143 3552 2275 3625 volumus,

463 3670 545 3752 quod
567 3677 750 3734 mercatores
771 3667 850 3734 dicte
871 3667 971 3732 Hense
999 3666 1076 3732 vltra
1105 3669 1163 3732 tria
1190 3683 1269 3748 aque
1291 3675 1428 3748 tempora
1450 3685 1519 3732 cum
1540 3676 1666 3752 argento
1687 3668 1741 3734 Dei
1768 3671 1800 3734 in
1821 3668 1974 3750 aliquibus
1996 3671 2193 3736 mercandisis
2212 3669 2276 3734 obti-

464 3797 584 3874 penmr.
626 3787 700 3852 ltem
728 3790 756 3852 si
783 3796 965 3852 mercatores
992 3787 1071 3850 dicte
1093 3784 1192 3850 Hause
1220 3783 1367 3852 vendendi
1394 3787 1474 3852 bona
1504 3805 1558 3852 sua
1584 3786 1759 3854 facultatem
1788 3798 1891 3870 aptam
1913 3805 1973 3854 non
1995 3789 2172 3868 habuerint,
2204 3790 2276 3852 liceat

464 3911 509 3973 eis
530 3926 565 3972 ea
587 3908 667 3972 bona
688 3905 839 3972 abducere
860 3923 921 3986 quo
945 3905 1103 3984 voluerint,
1126 3907 1190 3970 sine
1212 3905 1385 3985 calumpnia
1404 3907 1531 3971 alicuius
1549 3915 1696 3972 nostrum.
1740 3906 1876 3972 llaheant
1896 3909 1987 3972 ctiam
2008 3918 2193 3976 mercatores
2213 3908 2277 3973 dicte

465 4027 565 4092 banse
593 4028 624 4091 in
654 4025 893 4106 quibuscumque
921 4024 1118 4090 mercandists
1146 4027 1209 4090 suis
1237 4026 1352 4105 absque
1379 4023 1552 4106 calumpnia
1573 4027 1701 4090 alicuius
1722 4035 1860 4094 nostrum
1882 4027 2002 4108 pondus
2023 4045 2131 4112 suum,
2164 4029 2278 4094 sicuttu

469 4154 552 4210 cana
581 4161 637 4227 per
665 4143 820 4209 dominum
847 4159 948 4226 regem
977 4147 1021 4208 eis
1051 4160 1195 4208 concessa
1224 4142 1343 4224 plenius
1371 4145 1550 4208 continetur.
1593 4144 1630 4209 lit
1656 4147 1682 4209 si
1710 4146 1820 4226 aliquis
1846 4147 1884 4210 de
1912 4149 2023 4213 nostris
2045 4147 2197 4212 discordet
2222 4161 2278 4210 enm

468 4267 572 4346 aliquo
594 4271 761 4328 mercatore
782 4263 860 4328 dicte
881 4261 980 4328 banse
1002 4278 1094 4344 super
1114 4263 1218 4342 aliquo
1241 4269 1397 4328 contractu
1419 4265 1579 4342 mercium,
1609 4269 1812 4330 concessimus
1834 4275 1864 4329 et
1885 4269 2061 4346 statuimus,
2089 4267 2171 4347 quod
2192 4269 2279 4331 statim

472 4395 542 4449 lunc
563 4389 664 4448 maior
684 4382 785 4449 Lenne
815 4384 906 4467 eliget
934 4382 1010 4447 duos
1032 4381 1136 4447 lldeles
1161 4382 1328 4464 burgenses
1350 4391 1501 4461 nostrum,
1534 4392 1564 4448 et
1592 4381 1822 4450 uldirmunaus
1852 4381 1930 4450 dicte
1956 4385 2056 4450 llanse
2084 4386 2162 4452 duos
2189 4385 2279 4450 fideles

466 4512 649 4568 mercatores
670 4503 803 4568 eiusdem
825 4500 940 4582 llanse,
968 4503 1020 4582 qui
1041 4509 1171 4581 quatuor
1192 4501 1279 4566 eloah
1300 4516 1368 4566 cum
1390 4501 1567 4585 diligencia,
1596 4519 1656 4582 qua
1677 4509 1835 4583 poterunt,
1864 4504 2089 4584 discordantes,
2118 4507 2280 4588 sipossint,

467 4622 704 4688 concordabunt.
746 4621 785 4686 Et
805 4637 862 4688 nos
882 4621 1024 4705 predicti,
1043 4623 1140 4688 maior
1162 4631 1191 4686 et
1211 4623 1378 4706 burgenses
1400 4623 1622 4687 communitatis
1645 4621 1713 4688 ville
1730 4622 1830 4688 banne
1851 4641 1888 4688 ac
1906 4641 2097 4690 successores
2118 4635 2149 4690 et
2170 4623 2281 4690 heredes

431 4747 439 4768 ·
467 4745 564 4808 numni
585 4759 691 4808 omnes
712 4751 742 4806 et
763 4741 900 4826 singulos
922 4741 1066 4806 articulos
1081 4743 1267 4824 prescriptos
1289 4750 1440 4806 eteorum
1459 4741 1622 4820 quemlibet
1637 4745 1681 4806 sic
1699 4759 1861 4810 concessos
1877 4751 2050 4810 etstatutos
2067 4745 2281 4828 inperpetuum

467 4865 594 4928 tirmiter
615 4861 799 4942 tenebimus,
823 4860 915 4926 nullis
935 4861 1179 4944 exceptionibus,
1202 4849 1468 4939 concitationibus,
1491 4859 1715 4927 defensionibus
1737 4879 1791 4928 nec
1813 4863 1938 4928 cautelis
1959 4867 1991 4928 in
2013 4866 2197 4930 contrarium
2218 4860 2281 4924 sali·

473 4984 561 5046 tnris.
612 4980 644 5044 ln
667 4984 752 5044 cuius
780 4983 824 5044 rei
853 4982 1055 5046 testimoninm
1084 4979 1220 5063 sigillum
1247 4988 1384 5044 nostrum
1414 4995 1571 5046 commune
1598 4984 1821 5047 communitatis
1850 4991 1951 5047 nostre
1979 4981 2079 5047 lanne
2104 4981 2281 5062 presentibus

468 5101 576 5167 litteris
605 5101 811 5182 apposuimus.
854 5099 963 5170 Datum
992 5099 1074 5182 apud
1100 5098 1201 5164 Lenne
1229 5101 1259 5163 in
1291 5099 1381 5180 plena
1408 5102 1492 5164 cuma
1518 5108 1621 5166 nostra
1649 5101 1779 5180 ibidem,
1811 5102 1987 5184 primodie
2013 5103 2125 5170 mensis
2153 5099 2279 5184 Augusti.

470 5221 559 5285 hnno
588 5219 707 5284 homini
737 5221 776 5284 ab
804 5221 1010 5285 incarnatione
1039 5219 1199 5285 millesimo
1228 5215 1346 5289 CCCll⁰
1374 5219 1507 5299 decimo,
1540 5229 1569 5286 et
1600 5239 1681 5287 anno
1708 5225 1794 5306 regni
1823 5224 1904 5306 regis
1932 5221 2093 5304 Edwardi,
2126 5219 2181 5286 blii
2212 5217 2279 5299 regis

471 5337 625 5417 Edwardi,
648 5347 766 5418 quarto.
