4702 6346
599 657 709 755 1213,
733 660 797 734 turi
823 657 884 732 ao.
908 697 960 712 -
986 657 1097 732 1214.
1122 695 1174 710 -
1201 654 1310 752 1215,
1336 656 1426 752 apat
1453 655 1487 728 r.
1909 659 1936 742 p

108 953 195 1010 totam
217 951 330 1010 tetram
352 949 487 1010 noemam
509 945 541 1008 tn
558 942 680 1028 nuptie.
719 940 933 1010 concessimus
954 945 1045 1010 etiam
1067 945 1112 1008 eis
1132 941 1252 1008 autrum
1272 943 1319 1006 ire
1338 950 1369 1006 et
1389 942 1507 1008 surum
1530 925 1632 1008 uenire
1653 945 1684 1008 in
1708 951 1802 1008 totam
1825 949 1936 1012 mutatu

107 1069 237 1128 nostram
258 1059 377 1144 huglie,
399 1063 478 1128 siem
493 1060 663 1146 predictum
684 1069 740 1139 est,
762 1070 792 1128 et
813 1062 895 1142 quod
917 1062 1010 1126 tibere
1031 1062 1149 1143 possint
1169 1062 1214 1126 ire
1236 1060 1276 1126 an
1296 1058 1390 1126 terias
1411 1077 1467 1141 per
1488 1069 1581 1126 totam
1604 1069 1716 1127 terram
1738 1069 1884 1139 cosham,
1907 1069 1937 1128 et

106 1195 199 1244 emere
221 1188 252 1244 et
272 1179 401 1243 vendere
430 1188 460 1243 et
481 1181 512 1243 in
534 1177 606 1244 vitta
627 1177 757 1244 bonum
776 1187 806 1244 et
826 1179 915 1259 aiibi,
942 1181 1021 1244 sicut
1042 1187 1126 1244 carm
1149 1177 1264 1244 domini
1285 1176 1429 1242 Richardi
1451 1180 1548 1262 repis,
1577 1177 1680 1244 tranis
1701 1181 1814 1258 nostri,
1843 1197 1936 1260 quem

105 1297 169 1362 inde
190 1295 321 1375 hebent,
343 1298 431 1363 salua
452 1299 591 1363 libertate
612 1298 743 1364 ciuitatis
764 1306 867 1363 nostre
887 1295 1031 1374 bunion,
1054 1295 1273 1361 rationabiliter
1294 1303 1431 1363 testatur.
1473 1295 1578 1378 Quare
1600 1298 1739 1364 volumus
1760 1306 1790 1364 et
1811 1298 1937 1364 hrmiter

104 1417 300 1498 precipimus,
330 1415 412 1496 quod
438 1415 566 1496 predicti
591 1417 674 1482 uiues
702 1413 892 1481 tesmonia
918 1415 1145 1494 prenominatae
1173 1415 1328 1480 libertates
1355 1424 1384 1480 et
1411 1416 1525 1482 liberas
1546 1417 1778 1482 consuetudines
1804 1417 1936 1482 habeant

105 1551 156 1614 per
177 1543 272 1599 totam
293 1541 406 1599 terram
428 1542 564 1600 nostram
586 1533 713 1618 nuptie,
736 1533 813 1599 sicut
834 1533 1003 1613 predictum
1025 1541 1081 1600 est.
1125 1533 1283 1614 Testihus:
1306 1530 1460 1612 Gerardo,
1483 1535 1546 1600 titio
1568 1533 1667 1614 Petri,
1689 1535 1807 1600 comitIs
1830 1535 1933 1612 Essen,

103 1651 150 1716 w.
166 1651 382 1732 Mareschatlo,
402 1654 511 1716 comite
526 1651 672 1730 Penbroo‚
688 1652 741 1719 W.
758 1650 795 1716 (Ie
811 1651 970 1730 Ferrariis,
987 1653 1096 1716 comite
1111 1650 1223 1733 herby,
1242 1651 1409 1716 Withetmo
1426 1651 1571 1732 briwere,
1589 1651 1715 1736 Hugone
1731 1653 1769 1716 de
1780 1651 1933 1732 Gurnaoo,

104 1771 215 1836 Ihoma
238 1771 276 1836 de
297 1767 508 1850 SandIord.¹)
551 1769 662 1835 Datum
689 1787 746 1850 per
773 1788 896 1836 manum
924 1771 1062 1854 magistri
1083 1768 1206 1834 Ricardi
1233 1769 1271 1833 dc
1292 1769 1438 1848 Matisco,
1469 1770 1675 1836 archidiaconi
1697 1771 1882 1837 Riohemund
1905 1779 1935 1836 et

104 1889 315 1965 Norhumbrie,
329 1889 365 1969 ⁹)
387 1890 468 1968 apud
491 1887 593 1969 Corte,
616 1888 734 1954 XXIIII.
757 1891 805 1954 die
825 1888 908 1967 Iulii,
930 1904 1011 1952 anno
1033 1889 1119 1970 regni
1141 1889 1237 1952 nostri
1258 1889 1492 1969 quintodecimo.

104 2095 218 2178 XVI.
266 2095 389 2203 Ktios'p
411 2097 590 2194 Jobonnc
618 2097 767 2180 Potest
794 2097 890 2178 tiber
921 2099 997 2177 cieo
1028 2097 1103 2177 deo
1131 2098 1320 2178 Bceruerm
1348 2105 1591 2205 pestotteteo
1619 2097 1748 2202 sceiere
1777 2101 1937 2183 Hoodol

666 2258 708 2331 io
730 2247 924 2354 mprobe.
984 2249 1101 2353 1213,
1132 2250 1216 2330 tots
1238 2247 1305 2330 26.
1333 2248 1371 2354 ⁸)

251 2413 421 2494 Iohannes,
449 2414 504 2479 Dei
525 2416 624 2498 grafia
646 2431 700 2478 rex
721 2413 865 2497 thophec,
894 2415 1034 2480 omnibus
1055 2414 1191 2479 hailhuis
1214 2423 1244 2478 et
1266 2414 1403 2480 fidelibus
1431 2415 1495 2479 suis
1516 2414 1655 2481 satutem.
1699 2415 1823 2496 SoiatIs,
1851 2420 1931 2499 quod

105 2535 301 2598 concessimus
323 2533 496 2598 hominihus
518 2531 655 2613 ottonis,
684 2533 853 2599 charissimi
876 2536 994 2614 nepotis
1016 2535 1128 2612 nostri,
1150 2533 1264 2599 domini
1285 2533 1493 2598 Romanorum
1514 2534 1723 2616 Imperatoris,
1745 2537 1784 2602 de
1806 2537 1933 2602 Bremen

105 2653 201 2716 literas
223 2660 361 2732 patentes
378 2652 512 2716 eiusdem
531 2652 727 2732 Imperatoris
749 2667 852 2716 seeum
874 2651 1089 2730 deterentibus,
1113 2652 1315 2729 testificantes,
1338 2652 1419 2731 quod
1441 2651 1580 2718 homines
1602 2655 1667 2718 eins
1688 2657 1748 2720 sint
1770 2655 1807 2719 de
1828 2657 1933 2721 eadem

104 2771 184 2851 uitta,
208 2771 290 2852 qnod
312 2772 502 2854 negotienmr
522 2772 553 2834 in
575 2778 655 2834 terra
678 2777 782 2835 nostra
804 2771 933 2854 Angliae
956 2787 1024 2836 cum
1046 2771 1187 2849 nauibus,
1210 2771 1300 2836 rebus
1321 2779 1352 2834 et
1372 2771 1571 2836 mercandisis
1592 2773 1656 2838 suis
1678 2775 1822 2852 quamdiu
1845 2777 1933 2840 nohis

104 2891 262 2972 placuerit,
287 2889 426 2954 faciendo
448 2891 517 2954 inde
539 2898 637 2968 rectas
660 2889 901 2954 eonsuetudines.
945 2889 982 2952 Iit
1009 2889 1077 2954 ideo
1106 2887 1191 2953 vobis
1219 2888 1415 2968 mandamus,
1445 2890 1527 2970 quod
1551 2891 1635 2969 ipsos
1663 2907 1756 2973 super
1784 2893 1842 2957 hoe
1871 2910 1932 2958 non

104 3009 281 3091 impediatis.
324 3007 362 3072 Et
390 3009 421 3072 in
442 3007 532 3073 hrrius
553 3011 598 3071 rei
627 3009 830 3072 testimonium
860 3008 916 3072 has
944 3009 1047 3074 titeras
1072 3015 1193 3073 nostras
1213 3016 1350 3089 patentes
1371 3009 1458 3074 vobis
1479 3010 1549 3076 inde
1570 3011 1726 3078 mittimus.
1770 2989 1859 3076 Teste
1885 3029 1933 3076 me

106 3131 178 3210 ipso,
202 3126 284 3209 apud
305 3125 451 3204 Binedon‚
472 3125 579 3192 XXVI.
602 3127 650 3192 die
670 3125 753 3206 tutti,
777 3144 858 3191 enno
880 3127 966 3208 regni
989 3129 1085 3191 nostri
1106 3126 1170 3191 XV.

105 3334 240 3418 XVII.
285 3336 532 3442 Khoipb'cbor
562 3332 706 3437 Besebi
742 3361 795 3416 oo
830 3337 894 3416 die
928 3335 1239 3439 IIofeoboumten
1273 3359 1322 3415 ao
1352 3332 1645 3441 Soutbomptoo,
1692 3340 1756 3420 die
1787 3340 1932 3443 Sobiffe

233 3490 304 3571 dor
333 3489 537 3592 Kuufieuta
567 3513 642 3570 ocos
672 3487 759 3568 dem
787 3485 924 3568 honde
940 3486 1028 3567 'des
1057 3487 1221 3568 Kamara
1248 3486 1330 3591 soei
1356 3513 1404 3568 au
1433 3487 1565 3594 pabore.
1627 3490 1740 3572 1214.
1758 3487 1796 3604 ⁴)

253 3654 431 3735 Preeeptum
448 3662 494 3718 est
510 3653 643 3718 baittiuis
658 3661 765 3736 portus
786 3652 824 3717 de
840 3650 1037 3731 Sohamtone,
1061 3651 1141 3736 qnod
1164 3650 1329 3716 deliberari
1350 3651 1464 3716 iaciant
1485 3668 1590 3718 omnes
1613 3669 1706 3720 naues
1728 3666 1931 3722 mercatorum

108 3783 164 3838 tam
185 3775 223 3838 ue
245 3783 327 3838 terra
349 3774 465 3839 domini
487 3770 698 3851 Imperatoris,
729 3786 821 3850 quam
843 3770 957 3835 domini
980 3771 1061 3856 regis
1083 3769 1204 3847 Scooie,
1232 3780 1260 3834 et
1284 3771 1377 3836 tibere
1398 3788 1416 3836 a
1438 3780 1529 3852 portu
1552 3772 1710 3854 recedere,
1742 3785 1865 3857 accepta
1892 3778 1931 3841 ab

106 3895 145 3955 eis
166 3892 252 3956 salua
281 3899 310 3956 et
332 3889 490 3956 sufficienti
520 3891 695 3966 securitate,
729 3889 810 3969 quod
834 3889 895 3952 aiio
918 3905 1040 3953 cursum
1063 3905 1150 3953 snum
1173 3906 1234 3953 non
1256 3889 1406 3953 diuertent
1427 3891 1484 3956 nisi
1505 3891 1536 3954 in
1559 3899 1656 3956 terres
1677 3910 1765 3972 suas,
1799 3903 1829 3957 et
1850 3896 1932 3974 quod

107 4013 250 4075 neminem
272 4027 375 4074 secum
401 4009 527 4088 ducent,
554 4010 606 4088 qui
636 4023 696 4072 non
717 4009 757 4072 sit
777 4006 815 4072 de
836 4007 966 4072 nauibus
988 4009 1051 4071 suis
1073 4015 1102 4070 et
1124 4007 1162 4070 ad
1185 4005 1275 4071 tidem
1297 4005 1412 4070 domini
1434 4011 1532 4090 regis,
1560 4015 1589 4072 et
1611 4010 1692 4089 qnod
1715 4012 1798 4076 nnita
1820 4013 1932 4079 catalla

107 4129 294 4194 adnocabunt
314 4129 370 4194 nisi
393 4145 448 4194 sua
470 4129 596 4210 propria
602 4145 613 4205 ;
636 4125 877 4191 Flandriensinm
899 4141 971 4190 vero
993 4133 1022 4188 et
1043 4139 1148 4189 eorum
1165 4125 1286 4201 catatta,
1308 4127 1387 4192 sicut
1402 4127 1479 4192 alias
1496 4129 1540 4193 eis
1555 4138 1731 4210 preceptum
1754 4129 1820 4210 tuit,
1844 4134 1931 4197 saluo

107 4255 134 4310 et
152 4265 255 4313 secure
276 4247 389 4313 tenant
410 4247 537 4311 arestari
557 4244 654 4310 donec
676 4243 759 4309 atiud
780 4242 850 4309 inde
871 4242 1033 4308 habuerint
1053 4227 1240 4324 preceptum.

107 4435 261 4521 XVIII.
307 4437 555 4544 Koniplicbar
584 4435 746 4540 Roscii,
794 4435 857 4515 dio
894 4435 970 4514 deo
999 4434 1228 4538 Ismclleuteo
1265 4459 1340 4515 uass
1376 4437 1463 4516 dem
1492 4434 1629 4518 honde
1666 4437 1739 4519 des
1769 4439 1933 4521 nouos

376 4591 590 4697 peruobtau
617 4589 738 4670 uoces
766 4587 908 4670 micum
935 4613 984 4668 aa
1015 4596 1218 4669 erstatteo.
1279 4588 1392 4690 1215,
1424 4588 1538 4693 April
1563 4590 1596 4668 7.
1614 4587 1652 4690 ο)

252 4757 316 4821 tier
333 4755 386 4820 W.
409 4755 446 4820 de
461 4754 652 4830 wroteham,
674 4751 889 4818 archidiacono
907 4749 1103 4815 Tantoniensi
1125 4761 1182 4816 etc.
1226 4751 1406 4816 Mandemus
1428 4753 1513 4818 vobis
1534 4752 1614 4833 quod
1637 4751 1756 4818 dicatis.
1777 4751 1932 4836 Stephano

110 4871 231 4954 Crahbe,
249 4879 300 4956 qui
318 4885 365 4940 est
376 4875 407 4938 in
419 4873 556 4940 custodia
568 4880 666 4936 vestra
682 4873 714 4936 in
732 4870 859 4936 baitiina
871 4877 981 4949 vestre,
1000 4867 1081 4952 quod
1097 4869 1205 4936 reddat
1221 4871 1440 4936 mercatoribus
1454 4870 1493 4935 de
1508 4880 1590 4937 terra
1600 4869 1716 4937 domini
1728 4871 1932 4954 Imperatoris,

258 5097 281 5160 ¹)
309 5097 358 5149 lite
375 5094 467 5149 Itotuti
485 5097 569 5148 haben
588 5107 651 5146 nura
678 5093 799 5146 Peubroe
817 5098 844 5144 et
860 5091 952 5144 muttts
971 5091 1038 5143 attis.
1162 5089 1188 5154 ¹)
1216 5092 1256 5142 lm
1275 5089 1415 5154 toipenden
1433 5089 1512 5143 Iahre
1531 5088 1597 5144 tate
1615 5092 1702 5145 huden
1722 5095 1768 5146 trtr
1786 5095 1931 5148 deuseren

110 5175 146 5227 ata
163 5179 315 5244 Naehtotper
332 5183 381 5234 ios
398 5180 526 5232 ttanaters
545 5179 669 5234 wtthetm
689 5177 767 5240 (trop.

257 5265 283 5329 ³)
310 5265 401 5318 Itctutt
420 5265 555 5317 titanorum
575 5263 729 5326 petentium.
748 5262 807 5313 vot.
818 5263 840 5324 t,
860 5258 882 5312 t.
900 5275 926 5325 p.
938 5258 995 5314 ton.
1030 5258 1107 5312 Auch
1125 5261 1168 5313 het
1186 5261 1336 5324 Manent!
1350 5272 1374 5311 u·
1391 5271 1416 5312 a·
1433 5258 1467 5315 0.
1484 5259 1512 5311 S·
1526 5256 1569 5312 91.

256 5349 283 5414 ⁴)
310 5348 371 5401 Ans
390 5351 441 5401 nen
460 5349 565 5402 tietutts
584 5349 718 5401 ttterarum
737 5347 897 5400 claustrum.
916 5346 946 5396 T.
963 5347 982 5396 t.
1002 5358 1028 5408 p.
1044 5342 1093 5397 att
1105 5358 1128 5397 a.
1333 5343 1359 5410 ⁵)
1386 5343 1551 5396 Ebenteber.
1570 5357 1596 5422 p.
1614 5342 1696 5398 ttae.

176 5483 334 5549 totuettung
348 5485 382 5535 tt.
530 5549 538 5562 ⁸
1713 5479 1732 5532 I
