4716 6330
1161 627 1271 724 14⁰8,
1296 631 1440 704 Febrnnr
1466 628 1526 702 ab.

579 920 678 1002 Super
698 935 759 999 quo
778 917 956 984 willelmus
977 915 1103 996 lnumc,
1125 915 1273 986 Henricus
1295 915 1428 994 barton,
1455 914 1590 980 Tbomas
1612 913 1695 996 Pycle
1723 922 1754 978 et
1772 911 1928 981 lohannes
1948 911 2126 994 Repnweil,
2153 915 2247 980 colec
2340 891 2342 976 ἶ

427 1051 508 1106 tores
530 1040 644 1104 decime
666 1055 701 1102 ac
724 1037 892 1102 medietatis
914 1035 1030 1102 decime
1052 1035 1168 1102 domini
1190 1037 1270 1117 regia
1292 1053 1347 1116 per
1374 1035 1619 1102 emmunitatem
1648 1033 1735 1115 regni
1761 1033 1808 1100 sui
1831 1031 1941 1116 tnpbe
1967 1031 2074 1096 ullium
2103 1049 2248 1101 macmsc·
2336 1000 2342 1027 ¹

427 1177 494 1226 rom
518 1161 549 1222 in
572 1159 690 1222 ciuitate
713 1155 850 1232 medon,
874 1164 903 1219 et
923 1153 1057 1220 Thomas
1076 1153 1244 1230 Bristowc,
1272 1152 1427 1220 lohannes
1449 1151 1560 1230 tows,
1590 1149 1737 1217 Ricardus
1764 1150 1871 1218 Fisleer
1896 1158 1925 1214 et
1952 1149 2107 1219 tonancec
2136 1150 2248 1231 lleyuer,

426 1277 661 1342 subcollectcnes
684 1274 891 1354 predictorum
912 1272 1070 1350 willelmi,
1092 1271 1226 1350 ilenriei,
1247 1271 1363 1338 Tbume
1385 1271 1451 1354 Pyle
1473 1278 1504 1334 et
1519 1269 1835 1337 lobanoeelteinwell
1858 1271 1889 1331 in
1911 1267 2020 1336 warda
2041 1269 2079 1338 ale
2100 1269 2249 1352 Damnate,

426 1397 506 1460 dicto
528 1395 651 1460 domiuo
675 1373 740 1476 cc'pi
760 1395 791 1458 in
817 1391 1000 1458 cancellaria
1021 1409 1077 1459 sua
1099 1391 1317 1468 cerdflcarunl,
1346 1405 1402 1471 pro
1425 1405 1461 1456 eo
1482 1389 1566 1470 cuod
1588 1396 1772 1456 mercatores
1792 1386 2038 1468 infrascriptae
2059 1385 2161 1456 Hansa
2181 1404 2250 1454 cou-

426 1522 580 1578 morantes
601 1521 671 1578 sunl
693 1521 722 1576 cl
743 1519 956 1578 conversantes
977 1493 1007 1574 'in
1030 1511 1149 1576 civitate
1171 1517 1201 1572 et
1222 1507 1329 1576 warda
1351 1507 1505 1590 predictis,
1528 1514 1557 1571 et
1579 1523 1634 1588 per
1655 1507 1720 1574 dies
1742 1515 1772 1575 ot
1793 1522 1889 1575 annos
1910 1507 1941 1572 io
1963 1504 2077 1584 eisdem
2099 1507 2210 1574 civitate
2228 1516 2252 1570 at

427 1633 534 1698 warda
556 1639 781 1696 commorantes
803 1629 941 1706 luerunt,
975 1637 1005 1694 et
1029 1625 1142 1696 domos
1165 1647 1203 1694 uc
1223 1623 1413 1696 mansiones
1435 1627 1466 1690 in
1489 1625 1595 1692 eadem
1617 1625 1725 1692 warda
1751 1644 1812 1710 pec
1840 1639 1876 1692 se
1904 1635 2251 1708 praecantatorum,

428 1761 457 1816 et
479 1755 509 1817 in
532 1753 577 1815 eis
599 1767 654 1832 per
675 1767 707 1814 se
729 1749 973 1816 inhabitaverunt
994 1755 1022 1812 el
1045 1745 1231 1824 inhabitant,
1262 1753 1292 1810 et
1317 1746 1396 1810 bona
1424 1753 1454 1811 al
1475 1743 1586 1812 catalla
1614 1760 1670 1808 sua
1692 1760 1728 1808 ac
1750 1744 1959 1822 possessiones
1980 1745 2011 1813 io
2033 1743 2139 1814 eaden
2161 1743 2252 1809 wuda
2343 1719 2344 1734 ἶ

431 1872 606 1934 babuerunt
626 1878 657 1932 et
676 1868 807 1945 babent,
839 1868 917 1932 sicut
939 1867 1031 1932 celeri
1052 1865 1190 1933 homines
1210 1863 1321 1948 Anglie
1341 1865 1420 1931 dicte
1442 1862 1573 1930 ciuitatis
1599 1861 1728 1940 babent,
1760 1863 1870 1931 assessi
1900 1860 2025 1928 mount
2050 1878 2111 1944 pro
2132 1862 2253 1931 bonnet

317 1963 326 1984 ⁵
431 1989 550 2054 catallis
578 1989 642 2052 suis
669 1989 700 2050 iu
722 1987 803 2052 dicta
831 1987 938 2050 warda
967 1985 1162 2048 exisuntibos
1190 1985 1331 2049 vicesimo
1354 1983 1403 2048 die
1422 1981 1559 2050 ianuarii
1585 1981 1723 2060 proxime
1750 1983 1911 2060 preterito,
1944 1989 2014 2049 ante
2040 1980 2145 2050 (iatum
2167 1981 2253 2044 breuis

429 2107 566 2188 predicti,
589 2109 620 2171 in
643 2105 793 2185 monebis·
811 2103 955 2172 Omnium
978 2101 1159 2170 sanctornm
1180 2117 1292 2186 magua
1315 2099 1449 2178 london,
1472 2100 1512 2166 ad
1534 2101 1640 2184 viginti
1661 2097 1787 2176 solidm,
1810 2115 1868 2177 pro
1889 2100 1991 2177 prima
2008 2099 2168 2171 medietate
2188 2096 2253 2162 dicte
2344 2147 2345 2152 ,

430 2226 545 2290 decime
566 2242 622 2304 per
642 2223 791 2288 Thomanr
814 2220 1018 2298 cellcumin,
1045 2221 1215 2287 iohannem
1238 2217 1396 2298 Simpson,
1418 2218 1586 2285 labeonem
1608 2217 1703 2296 llam,
1732 2216 1912 2288 llicltolaum
1942 2215 2044 2295 Cant,
2080 2217 2254 2285 willelmum
2344 2197 2345 2200 ¹

430 2343 578 2408 blaraball
600 2351 628 2406 el
650 2341 839 2408 Wilialmum
866 2339 981 2416 Baron,
1017 2355 1188 2404 assessores
1216 2336 1329 2406 electos
1356 2352 1412 2417 per
1439 2352 1545 2404 omnes
1574 2335 1713 2403 hommes
1740 2335 1820 2410 dicte
1851 2335 1971 2412 warde,
2005 2334 2045 2400 ad
2068 2334 2253 2401 occidendum

430 2479 536 2526 omnes
558 2459 697 2524 bominis
719 2458 853 2524 eimdem
875 2457 982 2522 warde
1003 2473 1061 2536 pro
1083 2458 1182 2537 prima
1205 2454 1363 2522 medietate
1385 2456 1463 2528 dicte
1484 2455 1617 2532 decime,
1644 2470 1703 2536 pro
1725 2454 1813 2520 bonis
1834 2461 1864 2516 et
1885 2453 2003 2522 catallis
2025 2454 2092 2521 suia
2113 2455 2144 2522 in
2163 2452 2254 2518 eadem

430 2580 537 2644 warda
560 2579 766 2642 existentibus.
810 2575 847 2642 El
868 2591 926 2655 pro
947 2591 984 2638 eo
1006 2573 1088 2653 quod
1111 2574 1238 2654 predicti
1264 2582 1448 2641 mercatores
1468 2573 1506 2639 de
1528 2573 1625 2638 banse
1646 2572 1744 2640 dictus
1766 2572 1871 2654 viginti
1898 2571 2013 2641 solidas
2038 2572 2158 2639 solvere
2183 2587 2255 2637 rato·

432 2705 548 2772 sarunt,
581 2696 715 2775 predicti·
731 2692 967 2759 subcollectores
989 2691 1066 2759 duas
1088 2691 1217 2772 patellas
1239 2708 1347 2768 eneas,
1377 2690 1482 2756 dacem
1503 2689 1672 2758 solidorum
1694 2692 1806 2770 precii,
1840 2691 1877 2764 de
1900 2691 1987 2757 bools
2008 2697 2038 2752 cl
2060 2690 2179 2761 catallis
2199 2705 2254 2770 pro

433 2815 583 2880 dictorum
606 2819 810 2880 mercatorum
832 2811 869 2874 de
892 2809 987 2874 hansa
1011 2811 1154 2874 ricesimo
1177 2811 1267 2878 tertio
1287 2810 1337 2884 dic
1364 2809 1438 2874 dicti
1468 2809 1580 2873 mensis
1607 2807 1746 2872 ianuarii
1774 2809 1895 2874 numine
1909 2809 2119 2884 ¹districtionis
2145 2811 2175 2874 in
2199 2824 2255 2886 pre·
2345 2815 2346 2826 ¹

432 2933 513 2998 dicta
536 2932 682 3014 parocbia
705 2939 865 3010 ceperuul;
887 2937 916 2994 et
937 2929 1109 2996 itiusmodi
1131 2927 1335 2995 districtiones
1356 2945 1412 3010 per
1433 2925 1612 2993 collectores
1640 2934 1669 2990 et
1697 2926 1934 2996 suboollectoree
1960 2927 2039 2994 dicte
2068 2928 2174 2998 warde
2200 2926 2256 3008 plu·

432 3055 517 3117 ribos
540 3052 653 3116 vicibus
675 3066 770 3131 supra
791 3048 963 3115 huiusmodi
986 3047 1217 3124 mercatoribus,
1240 3055 1310 3128 post
1331 3043 1548 3113 coniectionem
1571 3052 1654 3111 carte
1675 3044 1826 3126 predicte,
1849 3052 1938 3126 capte
1959 3043 2044 3117 luere
2065 3055 2098 3112 et
2119 3058 2256 3124 mutan
2345 3075 2346 3078 ¹

432 3171 570 3238 liberale.
614 3169 651 3234 El
669 3169 724 3236 bec
740 3176 785 3232 est
804 3183 906 3244 causa,
928 3183 1023 3246 qnare
1045 3163 1219 3230 mandatum
1242 3163 1314 3230 dicti
1335 3163 1450 3231 domini
1472 3164 1553 3246 regis
1575 3163 1652 3228 alias
1673 3162 1732 3229 sibi
1753 3163 1822 3228 inde
1840 3163 1987 3229 directum
2009 3168 2119 3246 exequi
2141 3181 2197 3230 non
2215 3161 2257 3228 dc·

433 3291 574 3355 baertmt.
620 3287 661 3352 dc
684 3296 745 3355 mm
767 3285 915 3352 Nicbolao
937 3284 1081 3362 Wolton,
1109 3300 1188 3349 nunc
1210 3281 1407 3348 aldermanoo
1428 3280 1535 3347 warde
1557 3264 1707 3364 prodiice,
1735 3290 1766 3345 et
1786 3281 1998 3358 audacioribus
2020 3290 2050 3350 et
2071 3281 2256 3350 subcollectc

433 3409 519 3474 ribm
541 3406 696 3487 predictis,
720 3422 811 3484 qnam
833 3402 963 3472 ilenrico
985 3401 1159 3483 Smytman,
1190 3378 1321 3468 Henrico
1347 3399 1499 3484 Migrare,
1526 3399 1731 3467 liildebrando
1753 3398 1860 3482 biegcn
1882 3407 1912 3466 el
1932 3398 2140 3468 ilildcbraudo
2161 3397 2257 3468 suder-

433 3543 525 3592 mann
546 3526 585 3590 de
607 3525 718 3602 banea,
748 3526 869 3591 nomine
890 3531 919 3586 er
940 3529 1106 3602 properie
1128 3527 1329 3588 mercatorum
1350 3519 1556 3602 predictorum
1582 3521 1614 3584 in
1636 3517 1717 3582 dicta
1738 3517 1920 3586 cancellaria
1943 3521 2205 3600 comparentibus,
2230 3517 2257 3576 ii·

434 3647 503 3710 dem
526 3644 753 3719 aldermannus,
775 3641 952 3704 collectores
975 3647 1005 3704 et
1025 3637 1260 3708 subcolleercres
1282 3637 1458 3705 obiecerunt
1479 3646 1509 3704 et
1530 3636 1713 3720 allegarunt,
1735 3635 1817 3716 quud
1830 3636 1902 3703 dicti
1917 3645 2103 3707 mercatores
2119 3637 2257 3708 dentosa,

436 3768 468 3830 in
493 3763 600 3828 warda
629 3761 764 3840 prodictu
793 3765 1015 3825 commorantes
1040 3757 1188 3822 solucioni
1209 3755 1248 3822 de
1269 3755 1384 3822 decime
1406 3762 1435 3821 et
1457 3755 1626 3820 medietatis
1647 3753 1763 3820 decime
1783 3753 1989 3833 predictarum
2011 3758 2199 3826 contribuere
2218 3753 2259 3816 dt·

434 3883 507 3946 bent
528 3889 558 3946 et
580 3886 736 3955 tenentur,
765 3884 857 3956 prout
879 3879 937 3958 ipsi
959 3877 1062 3940 decem
1084 3874 1200 3942 solidos
1221 3875 1302 3940 circa
1329 3871 1479 3942 decimum
1507 3879 1647 3940 onmium
1675 3879 1704 3938 et
1730 3873 1882 3942 decimum
1908 3889 2021 3944 nonum
2049 3891 2159 3942 annum
2186 3871 2258 3952 regni

436 4001 553 4066 domini
574 3997 712 4072 Ricardi,
741 4011 837 4076 nuper
860 3996 941 4078 regis
965 3993 1072 4076 buglis
1094 3993 1219 4057 secundi
1238 4000 1310 4074 post
1331 3999 1545 4074 conquestum,
1563 3991 1598 4070 ¹)
1631 4007 1692 4076 quo
1715 4001 1851 4076 tempore
1873 3992 2007 4068 ihomas
2028 3992 2155 4061 baciles
2174 3990 2259 4060 alder-

437 4133 567 4184 mannus
590 4113 695 4180 warde
725 4114 807 4180 illios
829 4115 984 4192 extiterat,
1014 4129 1072 4192 pro
1094 4111 1211 4176 decima
1238 4109 1335 4174 eidem
1358 4127 1455 4192 nuper
1475 4111 1541 4193 regi
1563 4109 1600 4181 lt,
1622 4127 1766 4176 concessa
1793 4129 1863 4180 cnm
1883 4110 2057 4196 bominibus
2080 4111 2183 4178 warde
2202 4123 2260 4192 pre·

437 4235 516 4302 dicte
544 4233 764 4313 persolverunt.
816 4230 987 4312 Preiatiquc
1014 4238 1198 4296 mercatores
1225 4230 1256 4296 in
1284 4228 1489 4296 mansionem
1516 4229 1692 4296 allectionis
1722 4239 1751 4294 et
1777 4229 1969 4316 allegationis
1995 4230 2197 4318 predictarum
2221 4241 2260 4289 ts·

434 4361 604 4430 sonuerunt,
627 4351 709 4434 qttod
731 4351 791 4432 ipsi
813 4349 908 4417 dictos
931 4349 1033 4417 decem
1055 4347 1171 4417 solidus
1194 4347 1407 4419 collectoribus
1428 4346 1507 4430 dicte
1529 4346 1645 4426 decime
1666 4349 1764 4418 eidem
1787 4366 1884 4434 nuper
1906 4351 1971 4436 regi
1992 4349 2027 4418 ll.
2050 4365 2190 4415 concesse
2210 4358 2260 4408 noo

437 4475 547 4538 virtute
566 4472 696 4538 alicuius
712 4471 891 4538 assessinnis
908 4470 970 4534 sive
989 4465 1207 4550 compulsionis
1225 4466 1256 4533 in
1275 4464 1332 4533 bac
1350 4473 1436 4546 parte
1453 4481 1521 4536 cum
1539 4465 1713 4538 hominibus
1724 4467 1868 4549 predictis
1880 4467 2101 4552 persolverunt,
2124 4467 2175 4532 sed
2191 4456 2260 4546 nusi

437 4593 496 4672 ipsi
517 4590 640 4656 eosdem
662 4589 766 4656 decem
788 4587 902 4653 solidos
924 4587 964 4652 ad
986 4601 1102 4651 meram
1125 4586 1334 4651 excitationem
1357 4592 1386 4648 cl
1408 4586 1580 4652 instantiam
1602 4584 1732 4666 predicti
1751 4584 1885 4652 Thomas
1904 4585 2027 4658 inultas
2050 4584 2087 4658 iu
2110 4579 2260 4655 armiliam

436 4721 466 4780 er
488 4707 717 4780 calmacianus
739 4704 947 4795 quorundam
966 4722 1153 4794 pauperum
1172 4701 1318 4774 ciusdem
1339 4699 1467 4788 warde,
1501 4711 1572 4776 tnnc
1598 4703 1811 4781 ccdecloribns
1839 4702 1918 4774 dicte
1944 4703 2060 4785 decime
2090 4703 2184 4785 eidem
2204 4695 2259 4786 itii

437 4830 473 4896 ll.
496 4845 650 4904 concesse,
672 4828 782 4894 intuitu
805 4827 939 4899 conlutis
961 4833 1188 4906 acspontanea
1210 4822 1380 4898 voluntate,
1410 4829 1439 4885 et
1465 4809 1525 4888 nou
1548 4821 1654 4900 aliter,
1684 4822 1838 4889 solverunt
1870 4839 1925 4891 nec
1953 4823 2070 4892 solvere
2097 4821 2259 4886 debuerunt·

437 4946 474 5013 bt
495 4961 589 5026 super
611 4946 669 5020 buc
691 4943 830 5026 potatus
848 4943 983 5015 Thomas
1004 4942 1129 5011 molles
1151 4943 1182 5006 in
1204 4941 1285 5013 dicta
1307 4939 1501 5020 cancellaria,
1523 4957 1580 5020 pro
1603 4941 1727 5008 tentate
1748 4941 1780 5009 io
1800 4941 1858 5006 bac
1880 4939 2168 5028 partecipandam
2186 4933 2262 5000 certi·

438 5063 557 5128 ilcanda
578 5079 671 5143 super
692 5065 849 5143 premissis
872 5063 1076 5138 examinatus,
1111 5061 1241 5124 asseruit
1263 5066 1292 5122 et
1314 5057 1466 5123 fatebatur
1486 5074 1647 5147 capresse,
1680 5057 1817 5137 prelatos
1844 5065 2028 5126 mercatores
2054 5059 2150 5124 dictos
2171 5055 2261 5123 decen

440 5217 743 5228 m—

597 5317 620 5382 ¹)
650 5315 725 5370 lasa.
