4716 6330
881 649 991 748 1437,
1015 656 1089 728 duni
1116 652 1175 726 17.
1569 731 1573 740 ,
1884 666 1941 746 59

100 939 236 1004 nonulli
258 951 359 1008 temen
381 943 462 1008 bona
484 949 514 1005 et
536 938 753 1015 mercandists,
775 939 807 1002 in
825 939 905 1004 dictu
921 945 1021 1020 patria
1039 940 1182 1006 Flandrie
1204 957 1240 1006 ac
1257 941 1326 1006 allis
1341 943 1479 1021 partibus
1495 953 1525 1008 et
1543 945 1650 1024 patriis
1670 948 1757 1012 cobis
1773 947 1939 1014 rebedibus

99 1059 275 1124 etinimicis
297 1070 408 1141 empta,
431 1063 461 1124 in
483 1075 609 1143 regnum
632 1065 770 1124 courum
787 1056 897 1141 dnqlie
918 1059 957 1122 de
974 1067 1112 1141 tempore
1133 1061 1163 1124 in
1186 1067 1305 1141 tempus
1326 1059 1397 1124 inde
1418 1061 1572 1127 adducunt
1593 1071 1623 1129 et
1640 1064 1791 1131 adducere
1807 1066 1938 1147 laniunt;

99 1193 157 1256 quc
179 1177 212 1240 dt
235 1187 269 1242 ut
289 1178 363 1243 dicti
384 1179 514 1248 rebelles
541 1177 708 1244 redduutm
735 1177 929 1256 potenciores
953 1184 985 1242 et
1005 1179 1210 1258 promptiores
1237 1178 1276 1242 ad
1298 1194 1440 1262 guerram
1463 1180 1635 1248 huiusmodi
1657 1185 1745 1250 nobis
1766 1184 1938 1252 taciendam

99 1304 126 1360 et
148 1297 395 1364 conunoanuom.
433 1298 575 1362 Veientes
600 1297 694 1380 igittrr
719 1295 861 1376 danpnis
890 1304 921 1361 et
947 1295 1130 1376 dispendiis,
1163 1311 1223 1376 que
1248 1296 1357 1362 exinde
1383 1299 1471 1364 nobis
1500 1309 1529 1364 et
1556 1318 1651 1383 regno
1672 1311 1777 1368 nostu)
1798 1306 1936 1386 predicto

98 1415 258 1495 provenire
280 1417 411 1496 poterint
431 1425 461 1480 et
482 1417 567 1492 oriri,
594 1417 713 1480 naudus
734 1415 868 1493 obrute,
896 1416 990 1493 uobis,
1013 1415 1052 1480 de
1073 1417 1259 1480 salsamento
1281 1425 1311 1482 el
1331 1433 1458 1483 assensu
1474 1421 1593 1484 consilii
1612 1425 1718 1501 nostri,
1741 1409 1936 1506 precipimus,

97 1533 264 1598 districtim
293 1550 354 1613 quc
381 1550 544 1614 possumus
571 1533 778 1616 inungendus,
811 1532 893 1613 quod
915 1533 1106 1598 omnimodas
1127 1534 1334 1600 mercandisus
1361 1536 1400 1601 ed
1422 1546 1544 1617 portum
1567 1540 1734 1618 predictum
1756 1559 1811 1607 seu
1833 1543 1937 1623 edique

97 1653 162 1715 loca
189 1651 291 1716 eidem
319 1655 422 1732 portui
443 1652 611 1718 adiacentia
633 1652 812 1734 apartibus
833 1654 945 1717 exteris
972 1651 1118 1717 adductas
1147 1655 1179 1716 in
1201 1653 1287 1718 libris
1315 1656 1422 1718 uestris
1444 1657 1537 1722 scribi
1559 1667 1588 1722 el
1610 1660 1702 1722 inseri
1724 1659 1861 1740 lecistis3
1894 1673 1934 1741 et,

97 1772 120 1834 si
143 1771 232 1834 nobis
255 1773 511 1850 perscrutinium
533 1770 707 1836 bulusmodi
734 1778 875 1837 constare
903 1772 1029 1852 poterit,
1063 1772 1183 1851 aliquas
1204 1770 1409 1838 mercandisas
1436 1775 1475 1839 de
1496 1779 1667 1842 crescensin
1689 1795 1742 1844 seu
1764 1781 1933 1859 rectma1)

97 1888 238 1954 llendn'e
260 1898 313 1954 sut
334 1890 464 1954 aliarum
480 1892 612 1972 partium
630 1891 719 1954 nobie
736 1889 960 1954 aduersantium
982 1889 1094 1954 ibidem
1117 1890 1238 1969 adduci,
1261 1899 1331 1954 tnnc
1353 1895 1572 1960 mercatoribus
1594 1897 1768 1964 earumdem
1791 1907 1937 1978 exparte

98 2017 200 2070 nostra
224 2009 390 2091 iniunqatis
416 2014 444 2072 et
472 2010 517 2072 eis
537 2007 738 2087 prolabentis,
773 2025 811 2072 ne
837 2008 895 2090 ipsi
922 2008 1127 2073 mercandisas
1154 2009 1224 2074 illas
1251 2008 1331 2074 inira
1353 2027 1481 2095 regnum
1504 2022 1642 2078 nostrum
1662 2015 1773 2099 Anglie
1796 2019 1935 2097 vendant,

96 2144 147 2190 nec
176 2126 348 2190 condicioni
376 2135 530 2207 exponant
557 2126 773 2207 quovismodo,
807 2127 865 2190 sub
894 2105 1089 2192 roitsrccrora
1122 2127 1297 2194 earumdem
1323 2147 1360 2194 ac
1387 2132 1649 2210 inprienuamentc
1679 2148 1843 2216 corporum
1872 2147 1934 2206 tarn

96 2253 270 2327 emptorum
291 2261 382 2325 quam
405 2247 605 2324 venditorum,
628 2246 669 2310 ad
691 2245 875 2310 veluntatem
898 2255 1045 2312 nostrum.
1088 2246 1126 2309 Et
1148 2247 1291 2326 ulterius,
1314 2249 1496 2328 quibusdem
1518 2253 1622 2318 arduis
1644 2262 1674 2318 et
1695 2257 1874 2338 urgentibus
1895 2258 1935 2323 de

97 2369 195 2428 eansis
223 2379 281 2428 nos
308 2365 511 2442 mouentibus,
545 2365 583 2430 de
608 2367 795 2430 avisamenta
821 2374 851 2430 et
871 2381 997 2430 assensn
1025 2366 1187 2446 predictis,
1221 2367 1406 2449 iniungimus
1427 2377 1457 2433 et
1478 2374 1680 2451 precipimus,
1711 2374 1793 2453 quod
1816 2376 1933 2440 nullam

97 2500 276 2562 pesonam,
300 2484 516 2564 cmoscnmqoc
537 2491 649 2562 status,
672 2485 786 2568 gradus
808 2487 855 2550 uel
877 2485 1059 2552 conditionis
1080 2484 1186 2563 luerit,
1208 2486 1311 2550 colore
1332 2503 1386 2550 seu
1409 2490 1518 2566 rirtqte
1540 2489 1667 2554 alicuius
1690 2491 1809 2557 licentis
1831 2503 1934 2560 nostre

96 2603 149 2666 sibi
176 2604 267 2682 prins
289 2601 368 2666 tacte
386 2587 448 2666 'sen
476 2618 636 2679 mancuso,
670 2613 726 2668 aut
749 2604 810 2668 alio
831 2605 935 2670 colore
956 2620 1163 2684 quocumque,
1196 2621 1252 2668 nec
1273 2604 1393 2684 aliquas
1415 2623 1507 2670 naves
1528 2623 1582 2671 seu
1604 2609 1666 2673 alia
1688 2626 1776 2689 vass,
1810 2621 1932 2690 portum

97 2739 145 2785 seu
174 2721 245 2784 loca
276 2720 412 2800 predicte
442 2721 659 2800 quovismodo,
691 2724 806 2802 absque
833 2722 960 2802 speciali
989 2721 1110 2786 licentia
1138 2731 1243 2786 nostra
1272 2723 1330 2786 sub
1362 2740 1474 2808 magno
1502 2725 1605 2808 sigilio
1635 2735 1738 2792 nostro
1768 2731 1855 2794 vobis
1882 2749 1934 2795 ex-

95 2839 241 2917 bibenda,
268 2857 322 2934 seu
343 2839 458 2919 absque
479 2840 552 2918 boc,
584 2839 666 2920 quod
693 2857 798 2906 omncs
824 2841 1011 2906 mercandise
1038 2849 1123 2905 extra
1149 2848 1271 2922 portum
1300 2849 1331 2904 ct
1357 2840 1424 2906 loca
1451 2843 1586 2921 predicta
1616 2844 1655 2909 ael
1682 2855 1786 2925 partes
1814 2859 1933 2914 exteras

97 2958 248 3024 educendo
276 2975 330 3022 seu
359 2957 575 3024 intmducende
602 2959 633 3023 in
660 2959 746 3024 libris
773 2962 880 3024 restris
906 2960 1078 3024 scribantur
1107 2967 1135 3022 et
1160 2963 1348 3034 inserantur,
1381 2969 1411 3024 et
1437 2962 1519 3040 quod
1546 2973 1730 3029 mercatores
1756 2967 1931 3032 eurumdem

97 3076 356 3144 mercandisarum
376 3079 530 3144 inveniant
555 3077 640 3144 vobis
662 3078 774 3144 bonam
796 3087 826 3144 et
846 3075 1044 3144 subicientem
1070 3079 1261 3144 securltutem
1293 3079 1332 3144 de
1361 3077 1572 3160 respondendo
1602 3083 1690 3150 nobis
1718 3083 1756 3148 de
1778 3087 1860 3150 omni
1882 3103 1930 3164 eo,

97 3197 173 3274 quod
205 3213 263 3278 pro
294 3196 490 3262 mercandisis
517 3196 579 3262 illis
609 3197 696 3262 nobis
724 3197 884 3263 debebitur
909 3213 963 3260 seu
990 3199 1101 3277 poterit
1130 3198 1281 3278 pertinere
1309 3198 1567 3280 (receptabile,
1600 3216 1677 3279 quos
1699 3205 1730 3263 in
1752 3203 1931 3283 obsequium

97 3324 230 3380 nostrum
254 3315 294 3378 ad
315 3323 419 3396 pertas
441 3320 659 3380 transmarinas
680 3316 823 3382 duximus
844 3314 1101 3391 transmittendos,
1125 3331 1160 3378 ac
1182 3315 1308 3380 naribus
1330 3331 1406 3395 ques
1427 3332 1485 3394 pro
1504 3332 1609 3380 eorum
1631 3322 1783 3403 passagiis
1804 3320 1931 3387 lecimus

96 3433 230 3514 deputari
236 3453 250 3512 ;
282 3442 314 3497 et
340 3434 475 3514 exceptis
503 3434 724 3499 mercatoribus
752 3434 872 3515 stapulo
901 3441 1004 3496 nostre
1032 3430 1151 3498 Calesie
1177 3442 1205 3497 et
1231 3449 1337 3498 eorum
1366 3432 1547 3510 lectoribus,
1580 3436 1732 3516 stapulem
1760 3439 1929 3518 predictum

97 3553 175 3618 adire
197 3551 386 3628 volentibus3
407 3551 446 3616 de
467 3554 577 3632 quibus
600 3563 712 3632 tamen,
733 3562 804 3617 ante
825 3568 930 3616 eornm
952 3567 1106 3616 recessum
1127 3559 1251 3631 aportu
1269 3560 1298 3616 et
1313 3551 1390 3616 locis
1405 3551 1561 3631 predictis,
1582 3569 1639 3633 per
1660 3571 1713 3619 ros
1731 3553 1930 3624 sufficientem

96 3677 284 3737 securitate·
306 3674 403 3751 recipi
425 3671 577 3749 velumus,
606 3671 688 3750 quod
709 3673 768 3752 ipsi
790 3669 829 3735 ad
851 3669 1003 3751 stapelen
1025 3667 1209 3750 predictam,
1237 3678 1349 3734 elnon
1372 3672 1411 3736 ad
1433 3671 1528 3737 aliurn
1550 3673 1651 3737 locum
1672 3675 1787 3754 absque
1808 3675 1930 3742 licenda

99 3799 196 3854 nostra
219 3791 348 3872 spectati
369 3807 402 3854 se
423 3789 602 3870 divertent),
626 3793 709 3854 exire
730 3790 923 3871 permittatis.
970 3786 1053 3868 Quin
1073 3801 1178 3868 ymmo
1200 3788 1324 3854 cuilibet
1346 3789 1495 3872 ligeorum
1518 3798 1690 3857 corborum
1711 3794 1929 3874 predictorum,

98 3907 132 3971 ad
153 3907 329 3974 buiresmodi
350 3917 455 3988 perles
476 3911 606 3975 transire
628 3909 738 3972 uolenti
759 3927 797 3973 ex
817 3915 904 3988 parte
926 3905 1141 3972 nostradelnr
1162 3905 1288 3972 firmiter
1309 3913 1340 3971 ln
1362 3907 1531 3988 mendatis,
1557 3910 1639 3991 quod
1660 3913 1743 3993 ipse,
1771 3914 1828 3979 snb
1849 3931 1929 3994 pena

98 4029 357 4106 inprisonamenti
383 4035 413 4091 et
433 4026 626 4092 lortslaeture
647 4029 782 4092 omnium
804 4043 863 4107 qne
883 4027 972 4092 uobis
993 4023 1168 4092 forisfacere
1190 4027 1318 4107 poterit,
1351 4027 1518 4107 quidquem
1541 4029 1572 4092 in
1594 4033 1779 4096 contrarium
1801 4035 1929 4112 premis·

97 4161 193 4212 sorum
211 4163 273 4210 non
288 4155 445 4226 attemptet
459 4163 516 4212 nec
534 4146 625 4212 lactat
641 4148 824 4226 attemptari.
868 4145 959 4212 Teste
974 4161 1023 4210 me
1040 4145 1119 4226 ipso,
1141 4143 1222 4225 opud
1241 4144 1556 4226 Westmonastcrium‚
1579 4147 1657 4211 lllll.
1675 4149 1726 4214 die
1740 4150 1928 4230 Nouembris,

97 4282 169 4331 anno
191 4267 279 4349 regni
301 4267 396 4330 nostri
419 4265 492 4334 XV‘!
559 4264 619 4330 Per
640 4265 811 4330 cumdium.
1560 4265 1723 4350 Sturgeon.

97 4485 303 4572 LXXIX.
340 4491 537 4593 Heinrich,
563 4489 755 4572 cedual
774 4516 848 4573 cors
861 4491 1058 4596 Enplcrud,
1083 4491 1398 4596 ooootlmuclttpc
1418 4493 1495 4572 den
1514 4493 1551 4571 J.
1568 4492 1712 4594 Asebc,
1739 4499 1801 4574 ein
1815 4494 1929 4577 Horu

97 4648 131 4722 iu
161 4643 379 4750 Wundepos
402 4645 511 4726 bane
540 4670 613 4725 ecre
635 4645 830 4746 dodonus,
867 4643 1017 4726 Willeee
1043 4643 1116 4724 des
1139 4643 1185 4724 R.
1211 4643 1428 4747 botetour,
1460 4651 1500 4724 iu
1525 4642 1660 4724 Besits
1682 4671 1731 4726 su
1752 4647 1926 4730 nouom.

847 4795 966 4901 1437,
997 4798 1091 4878 ,luni
1113 4796 1174 4876 17.

241 4979 389 5044 Nouerint
409 4981 541 5046 rmuersi
563 4997 619 5061 per
639 4987 797 5061 presentes
817 4995 876 5044 nos
896 4978 1075 5056 llenricum,
1097 4979 1298 5058 permissione
1317 4979 1422 5043 diuina
1444 4979 1629 5044 cardinalem
1651 4980 1774 5064 buglis,
1804 4982 1924 5064 secisse,

97 5097 247 5162 ordinasse
275 5107 305 5162 et
331 5100 400 5164 loon
422 5106 525 5164 nostro
548 5099 686 5180 posuisse
708 5098 851 5164 dilectum
879 5097 968 5162 nobis
995 5100 1027 5161 in
1048 5094 1169 5162 Christo
1191 5099 1358 5162 lobannem
1388 5095 1486 5162 bssbe
1514 5113 1617 5164 verum
1645 5110 1676 5166 et
1702 5102 1870 5185 legitimum
1897 5103 1910 5188 i

245 5353 271 5416 ¹)
297 5354 416 5407 umero.
452 5353 620 5408 blacterat
