4702 6346
742 630 853 724 reor,
877 631 949 702 suni
976 629 1010 700 a.
1043 667 1094 677 -
1130 626 1239 720 raon,
1266 629 1355 722 apro
1384 625 1440 698 11.
1473 663 1524 676 -
1556 623 1667 718 lutto,
1692 623 1876 698 necentur
1902 622 1961 694 25.

635 875 638 882 ⁴
710 937 784 1018 vt.
831 936 912 1016 Des
943 936 1088 1041 liticine
1117 935 1272 1016 Joltoom
1301 931 1618 1013 Dmtltsclocideo
1643 957 1701 1050 *oo
1732 934 1795 1013 dic
1828 931 1979 1014 osteor.

1164 1087 1287 1190 1202,
1319 1087 1413 1167 doni
1435 1085 1472 1164 1.
1502 1083 1537 1185 ²)
1947 1099 1950 1108 ‘

584 1273 647 1338 lien
668 1281 725 1338 etc.
747 1272 865 1338 ciuibus
887 1269 1119 1338 coloniensibus
1141 1279 1198 1336 etc.
1243 1268 1352 1335 Grates
1373 1269 1458 1334 tobis
1481 1266 1639 1334 referimus
1661 1265 1846 1347 multiplices
1867 1283 1960 1348 super
1982 1266 2100 1346 honore
2122 1275 2150 1330 et
2170 1268 2253 1346 bonis,
2341 1231 2342 1242 ἵ

326 1429 329 1438 ,
432 1411 490 1472 que
510 1392 621 1458 dilecto
644 1394 746 1474 nepoti
768 1399 872 1456 nostro
895 1387 1004 1467 Oloni,
1033 1390 1099 1472 regi
1120 1389 1342 1464 Romanorum,
1371 1387 1494 1453 domino
1517 1394 1631 1463 vestro,
1654 1384 1778 1450 lecistis.
1822 1385 1977 1468 Rogamus
1998 1401 2053 1450 ros
2075 1387 2255 1450 1111111111

431 1515 474 1578 ita
493 1511 621 1578 laciatis.
657 1511 703 1576 lit
720 1511 833 1588 sciatis,
855 1508 936 1590 quod
956 1506 1010 1572 liei
1029 1510 1132 1592 gracia
1148 1514 1332 1587 cooperante
1354 1508 1383 1568 in
1403 1513 1482 1572 statu
1506 1505 1559 1570 tall
1582 1506 1674 1586 positi
1694 1520 1817 1582 snmus,
1839 1503 1920 1584 qnod
1943 1506 1969 1568 ei
1992 1505 2071 1570 bene
2093 1521 2255 1572 succurrere

431 1647 605 1710 possumus.
649 1629 738 1694 Teste
761 1645 808 1692 me
831 1629 906 1706 ipsc,
929 1626 1009 1709 apud
1032 1626 1155 1690 Pontem
1178 1623 1297 1702 lechis,
1320 1624 1370 1688 tv.
1394 1624 1443 1687 die
1464 1623 1556 1689 lunii.

514 1887 612 1971 vu.
658 1887 973 1971 decoctiones
1004 1887 1076 1966 des
1105 1887 1250 1990 Ktoina
1279 1886 1434 1968 deltoton
1465 1819 1518 1966 oo
1548 1885 1612 1967 die
1645 1883 1785 1966 Golocr
1814 1883 1895 1964 oud
1924 1884 2185 1990 Bestdlinrmg

914 2040 1019 2121 iluer
1049 2041 1294 2145 Pricilegico.
1355 2037 1477 2138 12011,
1509 2037 1622 2142 April
1651 2036 1709 2115 11.
1742 2034 1780 2137 ²)

585 2223 649 2288 lien
670 2233 728 2288 etc.
751 2224 868 2288 ciuibus
887 2223 924 2286 de
942 2220 1069 2288 Colonia
1092 2231 1149 2286 etc.
1195 2219 1304 2286 Grates
1326 2220 1410 2284 robis
1433 2218 1591 2284 referimus
1613 2217 1797 2299 multiplices
1818 2235 1911 2299 super
1932 2218 2060 2298 honore,
2085 2219 2253 2293 reuerentia,

432 2341 546 2406 anulio
575 2349 604 2406 et
632 2343 720 2406 bonis
747 2343 870 2408 domino
900 2343 964 2423 regi
987 2338 1119 2416 Othoni,
1148 2339 1249 2419 nepoti
1272 2344 1393 2414 nostro,
1423 2338 1550 2418 anobis
1576 2337 1714 2414 collatis,
1744 2344 1874 2402 uestram
1902 2337 2100 2402 dileccionem
2128 2338 2253 2401 attentius

430 2469 591 2543 rogantes,
614 2462 756 2539 quatinus
778 2477 856 2540 opus
877 2458 1053 2524 dileccionis
1074 2467 1104 2522 et
1125 2458 1280 2537 obsequii,
1302 2456 1383 2538 quod
1406 2471 1479 2540 erga
1498 2471 1567 2522 enm
1590 2455 1666 2522 adeo
1687 2457 1764 2520 bene
1785 2457 1955 2538 incepistis,
1978 2455 2017 2521 ad
2041 2456 2178 2522 eliecorm
2197 2472 2254 2535 per·

432 2579 542 2644 ducere
563 2577 710 2643 studeatis
732 2585 885 2658 optatum,
913 2584 942 2640 et
962 2577 1002 2640 ad
1025 2576 1104 2640 hunc
1127 2591 1278 2640 summum
1301 2575 1448 2641 honorem
1470 2574 1730 2654 consequendum,
1760 2591 1849 2654 1111]
1871 2575 1935 2640 loeo
1956 2585 2110 2642 annuente
2130 2579 2162 2640 in
2181 2575 2253 2638 breui

432 2699 623 2762 consecuturi
646 2712 761 2774 sumus,
781 2698 811 2758 ei
832 2698 874 2760 ita
893 2693 1017 2758 viriliter
1038 2702 1067 2759 et
1083 2693 1245 2759 efficaciter
1262 2693 1410 2758 auridum
1431 2702 1462 2758 et
1479 2692 1845 2776 consiliumimpendatis,
1868 2703 1952 2760 vtex
1968 2695 2033 2762 eins
2051 2695 2253 2762 sntttnacione

418 2815 538 2880 merite
560 2815 689 2898 gloriam
712 2789 854 2894 consequi
877 2813 1023 2878 debeatis.
1067 2813 1207 2892 amptius
1229 2815 1309 2878 enim
1332 2822 1432 2877 vestro
1454 2812 1538 2878 cedet
1560 2811 1683 2890 lronori,
1711 2815 1738 2876 si
1759 2830 1815 2894 per
1837 2830 1891 2877 vos
1912 2815 1978 2878 eius
1998 2815 2159 2894 promocio
2177 2814 2252 2876 linem

373 2951 377 2956 ·
432 2937 557 3000 sortitur
579 2942 732 3014 optatum,
760 2951 779 2996 a
801 2934 911 3012 quibus
933 2934 1025 2998 totius
1046 2931 1167 2998 lortune
1189 2934 1254 2998 cius
1275 2933 1369 2998 series
1391 2941 1421 2996 et
1441 2948 1604 3011 processus
1631 2934 1762 3014 sumpsit
1783 2933 1912 2999 initium.
1955 2933 2021 2998 Nos
2042 2941 2143 2998 antem
2165 2948 2213 2994 vos
2231 2937 2253 2990 et

432 3065 539 3120 omnes
560 3070 610 3117 res
632 3062 662 3116 et
683 3054 890 3134 possessiones
914 3061 1029 3116 vestras
1051 3054 1082 3116 in
1105 3051 1272 3116 custodiam
1295 3060 1324 3116 et
1345 3052 1562 3130 protectionem
1585 3057 1719 3115 nostram
1742 3053 1940 3130 suscepimus,
1962 3053 2050 3118 vobis
2071 3051 2252 3117 concedentes

432 3171 562 3240 liberum
585 3174 756 3254 ingressum
772 3179 801 3234 et
820 3186 991 3254 regressum
1010 3181 1039 3236 et
1056 3173 1217 3238 transitum
1237 3187 1295 3252 per
1310 3171 1484 3236 uniuersum
1503 3178 1614 3235 terram
1631 3178 1776 3249 nostram,
1799 3187 1989 3252 quocumque
2006 3173 2094 3236 vobis
2110 3169 2252 3252 placuerit,

431 3306 500 3356 cum
523 3291 663 3356 omnibus
686 3289 904 3356 merchandisis
927 3292 1048 3366 restris3
1074 3289 1171 3358 saluis
1193 3298 1293 3356 tamen
1314 3290 1402 3355 nobis
1423 3289 1532 3354 debitis
1553 3298 1582 3354 et
1604 3290 1735 3368 antiquis
1757 3287 2026 3354 consuetudinibus
2049 3291 2169 3366 nostris,
2190 3302 2252 3365 ottus

431 3416 638 3474 antecessores
660 3411 751 3474 uestri
769 3417 799 3472 et
814 3424 868 3472 vos
886 3417 1021 3488 tempore
1037 3416 1263 3474 antecessomm
1281 3417 1466 3488 nostrornm,
1488 3425 1594 3492 regum
1611 3409 1730 3492 anglie,
1753 3407 1867 3474 lecistis
1885 3415 1914 3472 et
1935 3406 2037 3473 lacere
2059 3405 2252 3474 consueuistis.

431 3527 520 3592 Teste
542 3535 599 3592 etc.
643 3527 732 3606 Apud
755 3527 954 3605 Wintcniam,
976 3528 1027 3592 lll.
1049 3527 1098 3593 die
1121 3527 1246 3608 Aprilis.
2071 3495 2076 3502 ’

733 3784 850 3866 VIII.
897 3786 978 3865 Des
1008 3786 1154 3890 Ktoina
1183 3786 1339 3866 Joltorto
1370 3785 1622 3890 Scltolsbrief
1643 3785 1710 3889 lito
1741 3787 1804 3865 die
1838 3785 1988 3866 Oltlncr.

1088 3938 1212 4040 120o,
1243 3938 1455 4019 December
1480 3939 1545 4019 25.
1573 3936 1611 4040 ³)

583 4119 748 4197 lohannes,
767 4117 820 4182 oei
837 4121 934 4202 gratia
947 4117 1011 4182 lien
1023 4118 1161 4202 llngliae,
1179 4119 1321 4184 omnibus
1332 4120 1371 4183 ad
1387 4118 1471 4199 quod
1489 4128 1643 4201 presentes
1662 4121 1767 4184 literae
1778 4122 1968 4201 pervenerint
1978 4105 2121 4187 salntem.
2149 4115 2250 4186 Seiano.

433 4238 515 4318 quod
539 4237 678 4302 dedimus
699 4237 856 4302 licenciam
879 4237 1050 4301 nominibus
1073 4234 1209 4314 Colonie,
1231 4237 1312 4316 quod
1335 4236 1422 4302 saluo
1445 4246 1474 4301 et
1495 4254 1600 4302 secure
1624 4239 1743 4302 veniant
1765 4247 1794 4302 et
1815 4239 1941 4304 redeant
1961 4257 2018 4320 per
2041 4250 2134 4307 totam
2156 4246 2250 4300 terram

432 4367 567 4423 nostram
591 4355 698 4440 Anglie
726 4372 794 4420 cnm
826 4357 902 4420 vinis
930 4364 960 4420 et
981 4358 1049 4420 aliis
1078 4354 1297 4420 merchandisis
1327 4357 1407 4434 suis,
1437 4354 1577 4422 laniendo
1607 4357 1676 4422 inde
1703 4366 1801 4423 rectas
1823 4368 1853 4421 et
1880 4359 1997 4424 debitas
2025 4355 2251 4426 consuetudines

431 4476 575 4559 quamdiu
598 4476 656 4554 ipsi
680 4473 791 4538 luerint
812 4477 842 4537 in
865 4472 1008 4539 lldelitate
1030 4483 1060 4539 et
1081 4474 1139 4538 lide
1160 4473 1252 4556 Regis
1274 4471 1415 4552 Othonis,
1439 4476 1556 4555 nepotis
1580 4479 1685 4540 nostri.
1728 4477 1817 4541 'leste
1839 4479 1988 4559 meipso,
2011 4478 2093 4559 apud
2115 4471 2251 4539 Theolo-

430 4597 541 4678 hiram,
564 4593 657 4658 xxv.
680 4592 728 4656 die
751 4593 934 4670 Decembris,
957 4609 1037 4657 anno
1059 4594 1148 4677 regni
1170 4593 1267 4656 nostri
1289 4601 1386 4656 sexto.

431 4743 728 4758 *ι*

589 4845 613 4912 ι)
640 4845 699 4900 nus
723 4848 773 4899 cen
793 4848 899 4901 notuit·
918 4848 1053 4900 literarum
1077 4849 1223 4910 panarium
1249 4849 1289 4900 eu.
1316 4847 1564 4914 1111111111.
1588 4845 1619 4897 r.
1636 4847 1658 4898 t.
1683 4861 1709 4910 ρ.
1725 4846 1753 4900 ιι
1771 4851 1796 4902 n.
1832 4851 1965 4903 stranieri
1987 4851 2028 4904 uss
2053 4843 2196 4908 saumones
2216 4837 2250 4888 an

431 4931 719 4986 wellan-Urionden.
748 4931 775 4983 Β.
792 4931 816 4984 5.

586 5031 611 5096 ²)
638 5030 697 5084 Ans
715 5033 766 5085 den
784 5034 890 5086 ltotulls
909 5033 1042 5088 literarum
1062 5037 1208 5099 potentium
1232 5035 1422 5102 11111111]
1434 5035 1538 5100 Horon.
1563 5035 1629 5085 ’1.1.
1649 5048 1675 5099 p.
1691 5033 1760 5088 tou.
1795 5039 1889 5102 Rpmer
1906 5038 2023 5090 Foedera
2048 5037 2101 5090 und
2120 5019 2253 5085 spirando!

431 5123 530 5170 seuten
550 5117 625 5168 dlese
643 5116 768 5168 Urlrundc
786 5118 849 5182 lrrlg
867 5132 926 5170 zum
945 5119 1024 5172 lehre
1045 5117 1118 5172 1103.
1154 5119 1273 5186 nollunt
1290 5119 1412 5184 Vcnagcs
1437 5121 1482 5171 liat
1504 5121 1542 5170 sle
1566 5120 1615 5170 nrlt
1632 5122 1692 5173 dem
1711 5121 1824 5172 llatnm:
1852 5122 1923 5187 apud
1941 5121 2119 5176 Portesmntlr.
2144 5113 2198 5168 xit.
2214 5105 2248 5158 dli

430 5201 517 5266 April.
552 5202 621 5254 lissa
640 5201 687 5252 der
704 5202 791 5265 littnlg
809 5215 851 5253 arn
873 5200 912 5254 13.
928 5202 1006 5267 npru
1024 5219 1056 5256 zn
1074 5203 1243 5256 Wlncltsster
1262 5217 1322 5267 nar,
1341 5204 1487 5267 bestltlgen
1506 5203 1598 5256 Rutuli
1616 5205 1782 5258 chartarum.
1800 5220 1826 5270 p.
1845 5203 1901 5258 125.

586 5301 613 5370 ³)
639 5302 698 5356 Ans
719 5305 765 5356 Tu.
784 5305 850 5370 Duff
866 5307 958 5372 Hordp
975 5308 1080 5360 liotolis
1100 5307 1234 5360 litatorum
1253 5307 1410 5370 parantium.
1429 5307 1460 5357 T.
1476 5307 1496 5358 l.
1515 5319 1541 5367 p.
1558 5305 1616 5360 181
1635 5310 1689 5360 und
1708 5309 1858 5372 Sodeodor!
1873 5306 1901 5358 S.
1917 5305 1959 5360 dit.
