4716 6330
421 639 476 722 m
1193 637 1479 734 mmmm.

421 924 557 1008 sigillum
583 941 683 990 meum
711 924 852 1004 apposui.
905 922 1015 990 Delum
1044 922 1249 1002 sextodecimo
1274 922 1324 988 die
1353 925 1467 988 mensis
1494 921 1581 1000 llaii,
1615 937 1695 987 anno
1724 925 1809 1006 regni
1836 928 1917 1010 regis
1938 925 2059 992 lleuriei
2088 931 2159 994 senti
2184 937 2245 1008 post

420 1052 619 1124 conquestum
640 1059 732 1110 nono.
1242 1091 1248 1104 ,
1888 1041 2055 1112 Cleidicbe.

420 1265 605 1351 LXXV.
658 1269 737 1348 Der
777 1267 990 1349 Gcistlicbc
1037 1267 1095 1348 W.
1126 1266 1283 1370 Huytoo
1324 1269 1536 1372 boetdtc'pcl
1574 1267 1662 1347 dem
1695 1265 1742 1346 lt.
1773 1268 1979 1351 Boloclood
2006 1273 2089 1353 rond
2118 1271 2247 1352 dcccco

479 1420 656 1523 Ebcsrou
676 1421 859 1501 dobormo
891 1421 1035 1501 denseo
1057 1419 1184 1500 uecta
1216 1445 1267 1501 oo
1301 1421 1388 1499 dem
1413 1418 1685 1500 Groodalttclec
1713 1420 1797 1500 tund
1820 1420 1897 1502 Kos·
1917 1429 1958 1502 io
1985 1423 2198 1527 andepoe

1089 1571 1209 1653 boue.
1270 1571 1385 1676 1431,
1416 1571 1498 1654 Mat
1521 1570 1585 1653 16.

575 1754 679 1820 Sciant
700 1763 856 1837 presentes
873 1762 904 1818 et
918 1753 1023 1830 luluri,
1045 1752 1127 1832 quod
1148 1769 1206 1837 ego
1228 1754 1404 1818 willelmus
1420 1753 1555 1834 bayton,
1578 1752 1719 1830 clericus,
1742 1753 1822 1832 dedi,
1843 1759 1983 1822 concessi
2003 1767 2034 1822 et
2054 1756 2113 1822 bno
2129 1761 2250 1838 presenti
2348 1743 2349 1748 ’

419 1881 504 1938 cama
526 1889 594 1936 mea
617 1873 795 1938 condrmsui
816 1870 947 1936 llicardo
968 1869 1144 1951 Bnlreland‚
1173 1874 1233 1937 ciui
1255 1881 1285 1936 et
1308 1873 1471 1936 mercatori
1491 1871 1649 1949 london,
1688 1867 1699 1953 ΙΙ
1736 1879 1766 1934 et
1786 1871 1943 1951 dobanne,
1965 1877 2143 1952 uxorisne,
2166 1882 2251 1938 toturn

418 2000 621 2056 tenementum
644 2007 744 2056 meum
766 2006 835 2055 cum
857 1991 938 2070 layo
957 1989 1122 2067 adiacente,
1145 1990 1236 2055 simul
1258 2006 1327 2055 cum
1349 1983 1490 2055 omnibus
1512 1989 1786 2068 commoditatibus,
1809 1993 1996 2058 aisiamentis
2017 2001 2047 2056 et
2068 1995 2177 2058 ceteris
2195 1994 2251 2056 suis

417 2111 606 2189 pertinentiis
627 2119 658 2173 et
678 2109 795 2174 iuribus
831 2106 842 2191 ll
880 2109 1120 2188 quibuscumque
1140 2108 1285 2188 predictis
1306 2116 1477 2174 tenemento
1499 2117 1529 2172 et
1549 2109 1631 2189 layo
1653 2108 1913 2188 qualitercumque
1933 2113 2158 2190 spectandum,
2187 2114 2251 2175 siur-

419 2237 501 2292 atutn
524 2231 554 2290 in
577 2227 692 2292 venella
715 2235 821 2292 uocata
844 2225 1111 2310 Wyndegonelane
1133 2229 1163 2288 ln
1185 2226 1331 2304 parocbia
1355 2224 1501 2290 Omnium
1521 2207 1702 2292 Sanctorum
1723 2226 1762 2290 ad
1785 2225 1888 2292 lenum
1923 2225 1935 2312 ll
1973 2228 2123 2308 london,
2146 2230 2252 2294 seilicet

412 2331 496 2410 ‘inter
518 2353 717 2410 tenementum
740 2361 839 2427 nuper
859 2343 1063 2408 bartholomei
1085 2341 1262 2428 Flrestlyng
1282 2361 1320 2408 ex
1341 2352 1430 2426 parte
1450 2345 1602 2421 orientali,
1623 2353 1653 2410 et
1673 2345 1787 2426 layum
1803 2354 1943 2412 uocatum
1961 2343 2253 2434 Esterlyrtperbolle

418 2483 455 2528 ex
477 2472 563 2545 parte
584 2463 783 2540 occidentali,
810 2481 846 2526 ae
869 2479 979 2543 aquam
1000 2462 1154 2528 Tbamisie
1181 2479 1218 2526 ex
1240 2471 1327 2543 parte
1348 2464 1493 2539 nostrati,
1524 2470 1553 2526 et
1575 2471 1778 2528 tenementum
1800 2479 1897 2544 nuper
1919 2463 2072 2546 lladulpbi
2093 2465 2253 2546 Blelreneye

418 2599 456 2645 en
478 2590 567 2661 parte
588 2562 770 2660 aquilonari.
804 2579 896 2662 Quod
917 2597 989 2646 uero
1011 2589 1214 2646 tenementum
1235 2581 1443 2662 supradictum
1466 2597 1534 2646 curn
1556 2581 1637 2662 layo
1659 2589 1689 2644 et
1710 2565 1779 2645 aliis'
1800 2583 1865 2646 suis
1886 2583 2002 2648 iuribus
2023 2592 2055 2648 et
2074 2585 2254 2664 pertinentiis

418 2699 574 2782 predictus
595 2698 733 2780 llogerus
754 2696 902 2780 Twylord
929 2707 1061 2780 elego,
1089 2699 1242 2782 predictus
1268 2697 1442 2764 willelmus
1470 2697 1608 2780 llayton,
1638 2714 1736 2780 nuper
1764 2703 1948 2766 coniunctim
1974 2702 2135 2768 babuimus
2163 2704 2254 2778 nobis,

417 2816 580 2882 heredibus
597 2825 626 2880 et
643 2818 806 2899 assignatis
825 2818 935 2881 nostris
952 2818 1185 2896 imperpetuum,
1207 2833 1245 2881 ex
1266 2816 1347 2882 douo
1369 2825 1399 2882 el
1419 2816 1612 2882 leodamento
1635 2817 1762 2897 predicti
1784 2817 1905 2884 Ricardl
1926 2817 2094 2899 Boleland,
2116 2830 2208 2902 prout
2228 2823 2254 2884 lc

418 2934 551 3014 quadam
574 2943 658 3000 certa
679 2952 734 3016 per
761 2934 913 3015 prelatum
935 2933 1099 3000 llicardnnt
1121 2934 1276 3000 Bokeland
1299 2933 1369 3000 inde
1391 2935 1478 3000 nobis
1500 2933 1637 3002 contecta
1661 2943 1690 3000 et
1715 2938 1747 3000 in
1769 2936 1919 3018 bustenpo
1938 2937 2065 3004 bundon
2086 2939 2125 3004 de
2144 2941 2256 3020 placitis

420 3060 501 3117 terre
523 3061 603 3118 tenta
626 3055 675 3118 die
697 3053 785 3136 bunej
806 3055 947 3134 proxima
976 3062 1046 3132 post
1075 3052 1185 3118 testum
1207 3051 1351 3118 Omnium
1373 3050 1572 3142 Sanctorum,
1601 3071 1681 3120 anuo
1708 3057 1794 3138 regui
1824 3055 1907 3139 regis
1926 3055 2049 3122 ilenrici
2070 3059 2167 3136 quinti
2194 3065 2256 3139 post

420 3182 617 3252 conquestum
641 3189 731 3251 nono,
755 3172 832 3237 lecta
855 3181 884 3236 et
906 3172 1064 3238 irrotulata
1085 3172 1205 3253 plenius
1226 3173 1405 3236 continetur.
1437 3171 1476 3235 Et
1496 3174 1550 3252 qul
1571 3172 1692 3252 quidem
1715 3175 1943 3254 prenominatus
1959 3173 2098 3257 lingosus
2113 3175 2257 3258 uwytsrt

419 3298 514 3356 tntum
536 3294 584 3355 ius
606 3307 705 3370 suum,
730 3291 878 3356 clameum
902 3297 932 3354 et
947 3289 1139 3368 demendum,
1162 3307 1222 3369 nus
1243 3289 1350 3354 babuit
1371 3305 1426 3356 seu
1442 3289 1555 3356 bebere
1576 3293 1687 3371 poterit
1708 3292 1739 3356 in
1761 3299 1825 3356 tolo
1841 3292 1983 3371 predicto
2004 3301 2172 3362 tenemento
2191 3311 2259 3360 cum

420 3411 501 3492 lrapo
524 3410 680 3475 adiacente
703 3419 732 3473 et
754 3411 863 3474 ceteris
883 3411 947 3473 suis
969 3409 1158 3488 pertiuentiis
1181 3408 1325 3488 predictis
1348 3408 1439 3472 miebi
1461 3409 1579 3488 prelato
1599 3408 1757 3474 Willolmn
1780 3408 1909 3492 Horten,
1932 3410 2095 3478 herodibus
2117 3422 2146 3477 et
2165 3419 2258 3495 assig-

419 3531 497 3592 natis
518 3531 593 3594 meis
615 3533 837 3608 imperpetuum
865 3527 1014 3590 relaxouit
1036 3533 1065 3588 el
1086 3527 1208 3590 omnino
1238 3526 1276 3591 de
1305 3545 1338 3592 se
1365 3535 1394 3591 et
1414 3526 1575 3592 heredibus
1602 3531 1666 3592 suis
1694 3528 1917 3608 imperpetuum
1946 3531 2082 3610 quietum
2109 3533 2257 3607 clamauit,

419 3656 513 3728 prout
534 3651 756 3728 perscriptum
779 3647 875 3725 ipsius
896 3645 1009 3727 liugeri
1030 3642 1192 3725 Twylord,
1216 3644 1308 3708 micbi
1330 3644 1410 3709 dicto
1432 3643 1589 3709 Willelmo
1612 3643 1731 3726 llayton
1755 3645 1824 3710 inde
1847 3645 2029 3727 conlectum,
2052 3654 2138 3714 cuius
2159 3649 2256 3714 dstum

419 3775 465 3830 est
488 3764 624 3830 London.
652 3762 831 3830 duodecimo
861 3762 909 3826 die
937 3763 1048 3826 mensis
1070 3759 1218 3845 Augusti,
1247 3777 1329 3830 enno
1356 3764 1441 3845 regui
1469 3765 1550 3846 regis
1576 3763 1697 3829 ilenrici
1724 3768 1800 3828 senti
1828 3774 1899 3845 post
1927 3775 2125 3846 concuestun
2151 3772 2256 3848 primo,

418 3884 514 3962 liquet
536 3880 702 3956 manifeste,
732 3879 903 3945 babendum
925 3888 954 3944 et
976 3879 1136 3946 tenendum
1158 3887 1253 3944 totum
1276 3880 1447 3959 predictum
1471 3889 1671 3946 tenementum
1694 3899 1762 3946 eum
1784 3883 1866 3965 layo
1889 3884 2056 3962 adiacente,
2078 3886 2170 3950 simul
2192 3902 2254 3950 eum

420 4001 561 4064 omnibus
584 3997 863 4075 commoditatibus,
892 3999 1078 4062 aisiamentis
1100 4006 1129 4060 et
1151 4002 1262 4062 ceteris
1283 4000 1347 4062 suis
1369 3999 1487 4062 iuribus
1509 4009 1539 4064 et
1559 4002 1748 4080 pertinentiis
1770 4003 1937 4080 uniuersis,
1967 4012 1997 4065 et
2017 4003 2187 4083 predictum
2208 4013 2256 4078 ost

420 4117 547 4201 prelatis
571 4115 702 4181 Ricatdn
724 4115 878 4181 Bokelaud
903 4125 931 4180 et
952 4115 1101 4193 lobaune,
1124 4119 1295 4193 uxorisne,
1318 4115 1482 4180 heredibus
1504 4124 1533 4180 et
1552 4133 1657 4182 eorum
1680 4119 1844 4202 assignatis
1867 4121 2099 4200 imperpetuum,
2122 4120 2161 4188 de
2183 4126 2257 4205 eapi-
2355 4152 2356 4156 =

420 4238 532 4302 talibus
554 4237 684 4301 dominis
702 4236 782 4300 leodi
804 4235 886 4299 illius
908 4251 964 4314 per
981 4236 1110 4300 seruicia
1134 4235 1204 4300 inde
1225 4232 1325 4300 debita
1348 4243 1377 4300 et
1399 4235 1438 4300 de
1460 4239 1525 4300 iure
1547 4245 1702 4300 consueta.
1735 4237 1768 4300 ln
1792 4239 1877 4304 euius
1900 4241 1943 4304 rei
1965 4231 2172 4306 testimouium
2194 4244 2257 4306 bule

419 4337 553 4436 presenti
582 4363 664 4418 certe
686 4371 752 4419 mee
774 4355 907 4437 sigillum
937 4371 1036 4418 meum
1060 4354 1204 4434 apposui,
1232 4351 1386 4418 lttclardo
1408 4352 1536 4420 Wotton
1566 4361 1636 4418 tunc
1659 4357 1775 4420 maiore
1802 4358 1933 4422 ciuitatis
1954 4357 2097 4436 london,
2127 4361 2258 4426 waltero

419 4473 601 4555 Cbsrteseye
622 4480 653 4537 ct
672 4473 804 4538 llobcrln
826 4471 924 4556 large
945 4481 1017 4536 tunc
1039 4472 1262 4536 vicecomitibus
1284 4470 1419 4535 eiusdem
1440 4473 1741 4568 ciuitatiskpredicto
1765 4473 1917 4540 llioburdo
1940 4474 2063 4542 Wotton
2086 4485 2158 4542 tunc
2179 4479 2257 4542 illius

417 4593 524 4658 werde
552 4590 761 4656 aldermauno.
805 4589 869 4656 lliis
890 4591 1032 4659 testibus:
1064 4589 1201 4656 lobanne
1221 4588 1446 4667 Bedereudene‚
1480 4590 1616 4656 lobsnne
1638 4591 1781 4674 Bryllos,
1810 4591 1942 4658 lioberto
1964 4590 2090 4676 Smptb,
2129 4595 2259 4663 lobanne

417 4709 658 4786 Wassbbourue,
681 4709 810 4774 lleurlco
825 4707 977 4774 Flessbere
994 4717 1023 4774 et
1040 4709 1118 4774 aliis.
1152 4707 1261 4772 baton
1275 4705 1411 4785 london,
1434 4709 1653 4776 sextodecimo
1671 4712 1721 4778 die
1739 4711 1851 4776 mensis
1869 4709 1952 4787 ldnii,
1975 4727 2055 4776 auno
2071 4717 2159 4795 regni
2181 4717 2257 4796 regis

419 4829 539 4894 ilenrici
561 4833 638 4894 sextl
661 4837 731 4908 post
752 4836 951 4906 conquestum
972 4843 1064 4892 nono.

574 4943 616 5012 lc
639 4944 761 5012 dorso:
793 4947 851 5014 lsta
873 4953 957 5010 carta
987 4947 1063 5010 lecta
1093 4944 1150 5012 lltlt
1176 4954 1206 5008 et
1235 4945 1394 5011 irrotulata
1416 4948 1447 5010 in
1470 4947 1618 5031 bustengo
1641 4948 1764 5014 bundon
1786 4949 1826 5014 de
1853 4947 1973 5028 placitis
1995 4958 2075 5014 terre
2106 4959 2185 5017 tento
2214 4951 2259 5016 die

417 5065 500 5130 bone
534 5067 674 5146 proxima
707 5075 775 5147 post
812 5064 923 5132 testum
957 5073 1059 5130 sande
1092 5063 1254 5132 Petronille
1288 5066 1430 5148 virginis,
1472 5083 1554 5135 anuo
1586 5071 1671 5152 regui
1709 5073 1791 5152 regis
1824 5065 1944 5132 ilenriei
1980 5070 2056 5132 senti
2092 5079 2160 5151 post
2194 5085 2260 5136 con

421 5192 561 5263 questum
583 5183 711 5248 decimo.

1880 5303 2063 5386 Gnupeoter.
