4834 6338
480 655 566 740 tos
1251 649 1360 747 rurs,
1386 653 1450 724 rrn
1477 649 1536 722 ra.

476 938 624 1020 parochia
644 937 789 1006 Omnium
808 937 991 1006 Samtornm
1013 935 1053 1002 ad
1074 934 1178 1002 tenum
1199 931 1341 1016 madon,
1362 937 1516 1014 cruores,
1538 939 1616 1000 inter
1640 933 1752 1000 deum
1772 931 1896 1002 mnam
1920 947 1949 1002 et
1969 935 2122 1018 qnorldm
2143 939 2280 1023 gardim

476 1059 575 1126 eidem
601 1059 705 1124 domui
732 1066 886 1141 spectans,
921 1075 960 1123 ex
985 1065 1072 1137 parte
1095 1057 1292 1136 occidentali,
1327 1066 1357 1123 et
1382 1057 1495 1122 dietam
1522 1054 1671 1122 nebettam
1699 1062 1836 1120 sonum
1869 1053 2125 1145 Wmdporelnne
2151 1075 2187 1124 ex
2210 1071 2281 1140 parte

477 1178 633 1254 orientali;
660 1193 721 1242 nno
742 1179 839 1260 capite
860 1177 929 1242 iude
951 1178 1104 1242 ahnttante
1125 1193 1220 1255 snper
1239 1178 1337 1242 vicum
1359 1176 1397 1242 de
1417 1176 1651 1242 Thamiaestrete
1671 1189 1776 1238 sersus
1798 1176 1926 1254 honam,
1948 1184 1979 1240 et
1998 1177 2094 1242 altero
2115 1181 2209 1260 eapite
2226 1182 2282 1246 inde

477 1298 631 1362 abnttantc
645 1314 739 1377 super
752 1305 953 1362 tenementum
974 1313 1073 1376 nuper
1088 1296 1205 1361 abbatis
1227 1304 1256 1360 et
1268 1303 1433 1361 conrenms
1452 1297 1585 1374 exempti
1600 1294 1775 1358 coemerit
1795 1298 1892 1358 sarred
1906 1293 2016 1360 hibeni
2031 1311 2136 1362 rersrrs
2155 1306 2280 1364 ausuan.

476 1414 544 1498 one
570 1416 691 1496 quidem
711 1418 866 1500 mesuagia
894 1431 991 1497 nuper
1018 1413 1140 1480 hrernnt
1169 1413 1355 1497 margarete,
1383 1429 1480 1495 nuper
1508 1413 1611 1478 uxoris
1633 1411 1758 1476 lioberti
1777 1411 1839 1476 Fitz
1862 1411 2002 1500 bobert„
2019 1413 2073 1478 hiii
2098 1415 2215 1480 Roberti
2234 1417 2282 1482 lite

477 1535 605 1613 hobert,
627 1551 725 1616 nuper
746 1537 819 1600 ciris
840 1544 870 1598 et
890 1537 1009 1617 groceri
1030 1533 1184 1612 london,
1208 1541 1237 1598 et
1258 1550 1317 1613 que
1339 1549 1437 1614 nuper
1456 1531 1618 1596 habuimus
1639 1531 1727 1596 nobis
1749 1538 1778 1594 et
1798 1529 1959 1598 heredhrn
1981 1535 2093 1598 noscis
2113 1551 2152 1598 ex
2171 1535 2244 1599 donn
2262 1547 2284 1600 et

477 1656 670 1720 concessione
691 1653 826 1720 eiusdem
847 1653 1027 1736 Margarete.
1070 1653 1192 1720 Necnon
1213 1653 1367 1730 dedimus,
1398 1652 1601 1716 concessimus
1622 1658 1651 1714 et
1672 1666 1728 1732 per
1747 1659 1901 1731 presentes
1924 1649 2031 1718 damus
2050 1661 2082 1718 et
2102 1655 2283 1734 concedimus,

475 1789 533 1854 pro
555 1775 643 1838 nubis
664 1782 694 1837 et
708 1773 869 1838 heredibus
890 1775 1012 1851 nosuh,
1034 1771 1160 1854 prelatis
1182 1772 1411 1847 mercatoribus,
1433 1768 1587 1849 quoddam
1610 1779 1819 1836 tenerenturne
1840 1789 1878 1836 nc
1899 1767 2018 1858 hoyum
2038 1771 2189 1852 adiacens,
2209 1775 2282 1838 sinnl

476 1908 545 1958 curn
567 1893 705 1958 omnibns
726 1891 1000 1970 commoditatibus,
1022 1893 1205 1956 aisiamentis
1226 1899 1256 1955 et
1277 1893 1384 1954 ceteris
1401 1891 1464 1954 suis
1484 1889 1677 1968 pertinenciis
1692 1906 1728 1952 ac
1749 1889 1867 1954 int-ibus
1883 1890 2139 1970 quibuscumque,
2160 1893 2283 1973 predictis

477 2021 644 2078 tenemento
662 2013 791 2093 etiayn
809 2011 985 2090 qnatiter1)
1003 2011 1216 2091 spectantibus,
1238 2011 1348 2076 situata
1363 2011 1395 2074 in
1410 2007 1526 2072 tenella
1542 2017 1647 2074 vocata
1666 2005 1936 2095 Wladepoeelone
1953 2010 1984 2074 in
2001 2010 2149 2089 parochia
2160 2010 2283 2076 omniun

477 2127 657 2196 &namnum
673 2132 819 2212 predicta,
842 2131 967 2208 scilicet,
988 2132 1066 2195 inter
1083 2138 1282 2196 tenementum
1302 2146 1398 2210 nuper
1415 2127 1618 2194 bartholomei
1634 2127 1804 2212 Frestiyng,
1826 2145 1864 2194 ex
1879 2137 1966 2212 parte
1979 2131 2131 2210 orientali,
2149 2141 2178 2196 et
2191 2133 2283 2214 kaynn

477 2257 615 2316 vocamm
633 2247 924 2338 Esterlr'cpesholle
945 2267 982 2314 err
997 2255 1084 2330 parte
1102 2248 1289 2325 occidentali,
1312 2257 1341 2312 et
1362 2264 1472 2328 aquam
1488 2245 1619 2312 Thames
1634 2263 1672 2312 ex
1689 2256 1776 2327 parte
1793 2249 1928 2328 arcuali,
1950 2258 1980 2314 et
1995 2257 2193 2316 tenementum
2207 2269 2285 2332 nuper

476 2369 629 2451 liednlpbi
640 2369 783 2434 Blahenei
801 2387 839 2434 ex
854 2377 941 2451 parte
958 2369 1140 2449 aquilonari.
1171 2366 1262 2448 Quod
1281 2366 1402 2447 quidem
1421 2373 1634 2444 tenementum,
1657 2383 1726 2430 cum
1738 2367 1819 2449 layo
1830 2369 1987 2434 adiacente
1997 2378 2027 2435 et
2037 2372 2100 2435 suis
2114 2373 2285 2452 pertinenciis

476 2488 620 2568 predictis
642 2505 738 2569 nuper
759 2487 816 2553 init
837 2489 955 2553 abbatis
977 2486 1105 2570 predicti
1127 2487 1302 2552 monasterii
1322 2483 1424 2552 Sancti
1445 2485 1555 2550 hlhani
1577 2494 1606 2550 et
1628 2484 1761 2550 eiusdem
1783 2486 1843 2551 loci
1864 2495 2042 2567 conventus,
2071 2497 2101 2554 et
2123 2490 2211 2570 quod,
2231 2505 2285 2552 cun

476 2607 559 2688 irapo
581 2615 610 2671 et
631 2609 695 2672 suis
714 2607 910 2687 pertinenciis
931 2605 1091 2687 predictis,
1123 2623 1222 2686 nuper
1241 2604 1402 2670 habuimus
1424 2606 1512 2672 nobis
1533 2612 1562 2668 et
1583 2603 1745 2670 heredibus
1767 2607 1893 2682 nostris,
1927 2624 1964 2670 er
1985 2607 2065 2672 ἀοιιο
2088 2615 2118 2672 et
2145 2609 2285 2672 nadihone

477 2726 615 2808 magistri
634 2723 793 2790 wiliielmi
815 2724 950 2806 liudley,
978 2724 1084 2790 decani
1104 2725 1220 2807 capelle
1242 2725 1370 2806 hospicii
1391 2726 1501 2802 nostri,
1530 2725 1666 2806 magistri
1686 2711 1832 2788 iohannis
1854 2723 2028 2805 Gunthorp,
2049 2726 2160 2791 decani
2180 2727 2287 2791 moleste

477 2844 660 2908 cathedralis
676 2841 851 2920 Wellensis,
873 2852 903 2906 et
918 2845 1058 2926 magistri
1074 2843 1234 2910 Willieimi
1248 2843 1378 2926 llatclyi,
1395 2847 1549 2908 secretarii
1567 2845 1680 2921 nostri;
1703 2843 1842 2908 habenda
1860 2852 1890 2910 et
1907 2845 2036 2910 tenenda
2051 2847 2154 2910 omnia
2171 2845 2286 2927 predicta
2353 2877 2354 2902 r

477 2965 644 3047 mesnagis,
667 2972 775 3041 terras,
799 2971 966 3028 tenemento
983 2972 1014 3027 et
1030 2963 1090 3028 alia
1107 2965 1256 3045 premissa
1274 2979 1342 3028 curn
1359 2963 1563 3044 pertinenciis,
1585 2961 1710 3044 preiah's
1726 2965 1944 3030 mercatoribus
1954 2973 1985 3030 et
1994 2965 2216 3030 successorihus
2224 2965 2285 3038 aris,

477 3088 549 3160 tute,
571 3081 676 3160 iibere,
699 3083 798 3162 quiete
816 3089 844 3146 et
862 3084 892 3146 in
911 3098 998 3162 pace,
1021 3083 1253 3163 imperpetuum,
1272 3082 1388 3162 absque
1404 3083 1507 3163 aliquo
1524 3084 1612 3147 nobis
1629 3082 1675 3146 rel
1693 3081 1854 3150 heredibus
1872 3086 1984 3150 nostris
2000 3085 2072 3150 inde
2086 3085 2234 3150 reddendo
2249 3083 2286 3146 rel

477 3200 627 3266 iaciendo.
671 3198 775 3280 Quare
794 3199 934 3266 columns
950 3208 980 3264 et
997 3199 1123 3266 tirmiter
1138 3203 1332 3284 precipimus,
1354 3217 1412 3282 pro
1428 3202 1517 3266 nohis
1538 3209 1568 3266 et
1589 3201 1749 3268 heredibus
1771 3205 1881 3268 nosuis
1902 3203 2056 3286 predictis,
2078 3205 2161 3286 qnod
2178 3203 2286 3286 predicti

476 3329 659 3386 mercatores
671 3320 843 3384 habeantet
853 3323 1040 3386 teneantsibi
1051 3330 1081 3386 et
1091 3321 1317 3386 successoribus
1327 3321 1401 3398 suis,
1412 3321 1444 3382 in
1455 3318 1554 3384 torma
1564 3320 1711 3401 predicta,
1723 3323 1824 3388 omnia
1836 3330 1866 3386 et
1876 3323 2156 3406 singulapremissa
2167 3325 2286 3388 cumsnis
2352 3365 2353 3420 ,

476 3442 674 3522 pertinentiis,
697 3422 811 3519 absque
828 3440 1029 3520 inpeticione,
1052 3440 1276 3520 impedimento,
1298 3440 1525 3519 perturbatione
1543 3443 1782 3523 sengraramine
1796 3442 1950 3506 nostrirei
1962 3442 2108 3507 heredum
2120 3452 2285 3516 nostrorun,

476 3560 721 3636 iusticiariornm,
744 3566 941 3636 escaetoruru,
961 3559 1180 3637 vicecomitum,
1197 3567 1411 3624 coronatorum
1425 3574 1480 3622 seu
1496 3557 1626 3623 aliorum
1643 3559 1825 3626 bellicorum
1843 3561 1890 3624 rel
1907 3563 2115 3627 ministrorum
2133 3573 2286 3627 nostrorum

476 3678 524 3742 rel
542 3677 687 3742 heredum
705 3685 880 3741 nostrornm
901 3694 1160 3774 quorumcumque
1166 3697 1177 3756 ;
1201 3695 1237 3742 eo
1248 3678 1330 3757 quod
1350 3693 1493 3757 expressa
1510 3679 1627 3742 mencio
1644 3679 1683 3744 de
1700 3696 1770 3744 reru
1787 3679 1889 3744 ratem
1904 3697 2006 3744 annuo
2022 3685 2234 3760 premissorum
2250 3679 2287 3742 rel

476 3797 604 3862 alicuius
621 3813 735 3875 eorum,
754 3805 806 3862 ant
816 3796 854 3861 de
866 3796 934 3860 aliis
944 3796 1033 3862 donis
1043 3799 1106 3862 sire
1117 3799 1361 3864 concessionibus
1373 3795 1486 3862 eisdem
1498 3799 1715 3862 mercatoribus
1726 3791 1990 3865 etsnccessoribtis
2002 3806 2075 3878 suis,
2096 3802 2143 3865 vel
2155 3801 2284 3880 aliquibus

475 3915 724 3997 predecessorum
738 3931 862 3980 snorum
878 3925 907 3980 et
921 3918 1147 3984 successoribus
1160 3921 1233 3996 suis,
1256 3917 1304 3980 rel
1318 3915 1417 3992 aliter,
1439 3933 1495 3994 per
1509 3933 1565 3982 noe
1580 3917 1628 3981 rei
1640 3920 1850 4000 progenitores
1863 3927 1916 3983 aut
1926 3919 2159 3999 predecessores
2174 3930 2302 3993 nostros,¹

476 4044 545 4099 ante
556 4035 612 4099 hec
625 4043 760 4114 tempora
772 4032 869 4114 laetis,
888 4038 918 4100 in
934 4037 1123 4115 presentibus
1139 4038 1262 4102 minime
1273 4033 1354 4100 tacta
1371 4037 1480 4114 existit,
1497 4045 1549 4100 aut
1565 4036 1669 4118 ahquo
1687 4045 1809 4121 statuto,
1829 4045 1907 4116 actu,
1924 4039 2118 4106 ordinacione
2135 4052 2186 4108 aut
2200 4041 2288 4120 aliqua

476 4153 600 4236 aliare,
624 4169 715 4217 causa
732 4154 779 4217 rei
798 4155 923 4218 materia
946 4172 1125 4236 quacunque
1146 4173 1206 4220 non
1230 4154 1430 4220 obstantibus.
1473 4153 1608 4220 incuius
1625 4160 1668 4220 rei
1679 4159 1888 4222 'testimonium
1910 4158 1965 4223 has
1981 4160 2085 4224 literas
2102 4171 2218 4226 nostras
2235 4159 2288 4222 lieri
2350 4221 2351 4230 ,

476 4272 602 4339 lecimus
619 4280 766 4352 patentes.
799 4272 887 4338 Teste
905 4290 953 4338 me
971 4275 1049 4354 ipso,
1069 4276 1151 4358 apud
1167 4275 1483 4358 westmonasterium,
1506 4276 1647 4340 vicesimo
1670 4284 1777 4340 octauo
1799 4278 1849 4341 die
1864 4277 1989 4360 Aprilis,
2011 4297 2091 4344 anno
2107 4284 2193 4364 regni
2209 4277 2287 4343 nostri

475 4397 580 4472 quinto
602 4391 729 4458 decimo.
773 4392 832 4458 Per
851 4395 952 4473 ipsum
973 4411 1086 4477 regem,
1109 4394 1196 4460 etde
1218 4394 1288 4460 data
1310 4395 1456 4476 predicta,
1477 4397 1654 4460 anctoritate
1674 4397 1878 4478 parliamenti.
2092 4399 2151 4464 ive.

475 4596 701 4686 cxxxii.
747 4604 827 4684 Der
856 4604 1066 4709 Mopiatrot
1094 4631 1142 4686 au
1170 4605 1331 4688 London
1367 4606 1554 4710 testerepo
1590 4605 1653 4686 dte
1682 4633 1754 4688 cors
1783 4607 1861 4689 ihm
1889 4617 1959 4690 mil
1990 4610 2060 4692 der
2083 4609 2288 4692 deutaeirea

648 4758 785 4839 Herse
816 4758 994 4839 dcaelbet
1024 4765 1334 4865 eoepeponpenere
1365 4759 1706 4865 Verpllichtenrpcn.
1767 4761 1883 4865 1475,
1915 4762 1996 4844 Mor·
2017 4763 2079 4844 12.
2097 4761 2134 4867 ⁹)

625 4921 780 4987 Universis
801 4931 830 4987 et
856 4925 983 5005 singulis
1006 4922 1119 4989 Christi
1148 4925 1286 4990 fidelibus
1313 4925 1350 4990 ad
1379 4940 1456 5004 quos
1482 4934 1637 5006 presentes
1669 4926 1755 4990 litere
1781 4931 1986 5007 pervenerint,
2021 4927 2168 4994 Robertus
2190 4929 2286 5006 Drope,

475 5045 582 5120 maior,
605 5051 634 5106 et
655 5044 854 5106 communitas
876 5043 1004 5107 civitatis
1026 5043 1173 5123 London,
1196 5045 1324 5109 salutern
1346 5045 1377 5108 in
1400 5041 1528 5108 Domino
1551 5047 1775 5124 sempiternam.
1824 5045 1952 5128 Propter
1973 5065 2062 5112 cesus
2085 5053 2183 5113 vanos
2204 5063 2286 5111 erner-

477 5177 778 5192 w

631 5260 656 5329 ¹)
682 5262 760 5313 hnch
779 5263 815 5314 im
833 5263 931 5317 liotnlo
950 5264 1098 5329 petentlnm
1117 5267 1201 5318 steht:
1229 5267 1342 5331 quotttm
1364 5267 1406 5319 stit
1423 5267 1648 5331 qualitercunque.

628 5361 655 5430 ²)
681 5362 740 5418 ane
758 5365 843 5418 etnem
861 5367 1082 5432 htmhnrgisehen
1099 5367 1319 5462 Capiat-linche-
