4716 6330
834 677 943 770 tutto,
969 681 1113 754 unctor
1136 677 1196 752 ab.
1871 677 1928 760 99

110 967 138 1028 tn
171 965 419 1030 exonerationem
442 967 648 1032 vicecomitum
678 963 832 1045 bendum,
861 967 965 1034 decem
995 967 1087 1032 libros
1116 963 1344 1046 sterlingorum,
1375 977 1451 1044 quas
1478 965 1567 1031 iidem
1594 964 1782 1030 vicecomites
1809 961 1926 1028 solvam
1966 929 1970 945 ⁸

109 1083 234 1148 reddere
250 1092 280 1148 at
295 1083 449 1152 solverunt
463 1101 521 1164 pru
538 1084 618 1150 leodi
630 1085 717 1150 llrma
734 1086 772 1151 de
782 1083 970 1153 Sutbroerlrr
993 1089 1034 1150 ita
1051 1085 1133 1164 qnod
1144 1099 1248 1150 omues
1264 1081 1400 1151 hominos
1414 1092 1443 1147 et
1455 1099 1583 1164 persone
1598 1087 1683 1167 regui
1696 1080 1805 1164 lugtte
1815 1082 1926 1148 ibidem

7 1209 8 1240 f
107 1205 259 1268 venientes
281 1205 343 1268 siva
364 1213 561 1283 transeuntes,
584 1219 653 1270 eum
675 1221 779 1270 eorum
802 1206 960 1288 caringiis,
983 1206 1109 1268 carectis
1129 1203 1191 1268 sive
1213 1201 1392 1270 alitsrebus
1413 1203 1550 1268 elbonis
1571 1203 1818 1283 quibuscumque,
1840 1201 1928 1268 libari

106 1331 214 1400 mus
238 1325 342 1403 quieti,
366 1325 519 1388 exonerati
535 1333 563 1390 et
579 1323 719 1402 absoluti,
743 1341 799 1406 pm
815 1333 971 1406 perpetuo,
994 1324 1033 1388 ab
1048 1326 1130 1388 omui
1147 1321 1259 1388 mlueto
1275 1330 1304 1386 et
1320 1319 1388 1388 aliis
1402 1321 1606 1386 solutionibus
1624 1330 1653 1385 et
1667 1321 1928 1388 consuetudinibus

108 1451 173 1505 ante
194 1457 231 1508 ea
254 1449 392 1523 temporo
414 1444 547 1518 usitatis,
570 1445 608 1508 ob
630 1445 673 1508 eis
694 1461 750 1524 per
770 1441 866 1509 dictos
888 1445 1078 1523 vicecomites
1098 1453 1152 1506 sert
1173 1457 1363 1506 successores
1383 1439 1688 1520 suosqooquumodo
1709 1411 1845 1522 petendis
1865 1443 1928 1504 sive

105 1561 275 1644 exigendis.
320 1561 356 1626 Et
377 1562 501 1629 ulterius
523 1561 604 1642 quod
625 1563 753 1644 predicti
774 1565 872 1626 maior
899 1563 962 1628 sive
984 1569 1084 1626 custos
1106 1569 1135 1624 et
1157 1563 1340 1626 camerarios
1363 1556 1537 1640 Guybalde,
1565 1567 1595 1624 et
1616 1575 1718 1624 aarum
1740 1575 1929 1624 suceessores

107 1683 156 1760 qui
186 1697 245 1760 pru
276 1687 411 1760 tempore
438 1679 552 1760 iurent,
588 1682 739 1748 solverent
767 1691 798 1748 et
825 1681 984 1748 redderent
1019 1680 1175 1744 aunuatim
1209 1681 1428 1760 imperpetuum
1462 1676 1683 1744 vicecomitibus
1708 1676 1844 1742 bundou.
1872 1695 1928 1780 pro

107 1807 241 1879 tempora
265 1799 475 1876 existentibus,
510 1807 578 1864 oeto
600 1801 694 1866 libras
715 1801 945 1882 sterlingorum,
973 1799 1011 1864 de
1033 1800 1162 1862 exitibus
1189 1805 1219 1864 et
1239 1799 1381 1878 predonis
1403 1797 1605 1878 predictorum
1628 1805 1776 1860 terrarum
1798 1804 1828 1860 et
1849 1803 1928 1862 tene
2053 1779 2056 1786 λ

107 1927 279 1986 mentorum
305 1935 375 1982 cum
402 1921 465 1984 suis
493 1921 700 1998 pertinenciis:
733 1923 775 1985 ita
803 1921 885 2000 quod
914 1919 1004 1986 iidem
1028 1919 1215 1983 vicecomites
1245 1927 1296 1984 aot
1322 1920 1369 1985 etti
1395 1919 1522 1984 ministri
1543 1915 1617 1982 uibil
1640 1915 1799 1993 habereut,
1833 1931 1929 1995 neque

106 2047 248 2118 caperent
278 2047 329 2102 aut
356 2041 425 2120 capi
453 2039 586 2104 bearem
613 2041 825 2121 quoquomodo
847 2039 971 2119 aliquod
993 2038 1157 2104 telouetum
1179 2037 1385 2116 autaliquem
1407 2045 1556 2102 monetam
1579 2051 1632 2100 seu
1654 2051 1734 2112 veut,
1767 2035 1805 2100 de
1826 2033 1927 2113 aliqua

108 2143 236 2238 persona
262 2159 325 2222 sive
354 2158 391 2224 de
411 2158 563 2239 aliquibus
584 2161 721 2238 personis
742 2161 827 2242 regni
845 2158 962 2241 buglis,
985 2175 1041 2238 pro
1062 2175 1166 2222 eorum
1187 2158 1288 2234 rebus,
1311 2156 1516 2234 meresndtsts,
1540 2155 1717 2220 victualibus
1738 2161 1767 2218 et
1787 2155 1928 2237 coniugiis

108 2279 254 2342 universis
278 2293 335 2358 pro
357 2295 462 2344 eorum
484 2282 627 2364 passagio
649 2280 688 2344 ad
708 2297 860 2365 mopncm
877 2287 1010 2366 portum
1031 2275 1143 2365 pontis
1164 2275 1451 2354 etotrattstondou,
1474 2274 1630 2355 nequead
1651 2281 1926 2355 poutamvooatam

110 2395 136 2460 le
156 2393 384 2484 Druaobru'dpe
404 2397 537 2462 eiusdem
559 2399 699 2478 ctutum,
720 2397 935 2478 quoquomodo
956 2397 1082 2480 siugulis
1103 2395 1290 2474 temporibus
1312 2393 1431 2458 bituris.
1480 2393 1603 2458 Proviso
1624 2408 1745 2471 semper
1765 2392 1845 2472 qood
1869 2409 1927 2469 res,

108 2515 308 2592 mercandise,
331 2517 480 2598 victualia,
502 2528 618 2584 carecta
640 2525 669 2584 et
689 2519 823 2601 coriagia
845 2517 916 2594 illa,
951 2525 1012 2581 tatu
1035 2515 1074 2579 ad
1096 2513 1260 2584 Sutbwerlt
1281 2513 1459 2595 predictum,
1480 2529 1572 2592 qoam
1593 2512 1631 2576 ad
1654 2512 1762 2576 dietam
1785 2527 1926 2594 magnam

108 2645 225 2716 portam
250 2645 282 2700 et
303 2645 424 2718 pontem
445 2637 611 2718 predictum
632 2640 676 2704 sic
698 2637 861 2713 sentencia,
883 2637 943 2702 sint
967 2649 1164 2715 personarum
1181 2651 1234 2699 seu
1251 2651 1380 2714 persone
1396 2633 1613 2716 indigenarum,
1634 2640 1665 2694 et
1687 2631 1837 2696 ovillarum
1859 2647 1929 2709 per-

110 2773 255 2822 sonarum
278 2774 333 2820 neo
355 2757 416 2822 ulle
437 2774 565 2838 pareone
586 2757 823 2841 alienigenarum
830 2775 842 2834 ;
876 2765 905 2820 et
925 2755 1004 2834 qnod
1028 2753 1110 2819 nulla
1133 2753 1194 2816 elia
1218 2753 1408 2834 perturbaolo
1431 2752 1500 2818 lude
1521 2751 1582 2816 illis
1603 2767 1656 2814 acu
1678 2749 1724 2812 illi
1754 2767 1817 2826 res,
1851 2767 1929 2818 mer-

112 2875 265 2953 eaudisas‚
289 2877 439 2955 victualia,
461 2886 612 2942 camactos
631 2885 660 2941 et
681 2879 813 2960 mriagia
837 2875 1007 2940 huiusmodi
1029 2873 1246 2940 adducentibus
1262 2873 1324 2936 sive
1345 2871 1504 2936 addooeutt
1524 2871 1608 2934 tieret
1629 2869 1851 2949 quoquomodo,
1874 2871 1931 2934 uisi

112 2997 272 3062 solomodo
294 3013 350 3076 per
370 3010 458 3060 soum
481 3005 714 3062 sacramentum.
757 2995 881 3060 Proviso
903 2995 1001 3072 etiam,
1023 2991 1103 3072 quud
1126 2991 1170 3054 illi
1192 2995 1244 3071 qui
1265 2993 1309 3056 sic
1331 2992 1452 3056 veniunt
1472 2998 1502 3055 et
1522 2987 1623 3068 aliquo
1647 2990 1725 3052 boue
1747 3005 1800 3054 sert
1823 2991 1929 3055 meroi-

110 3117 208 3180 monia
231 3114 281 3178 vel
302 3116 436 3196 aliquam
457 3116 549 3180 aliam
570 3132 634 3181 rem
655 3113 733 3180 iul'ra
752 3115 902 3179 ciuitatem
924 3110 1102 3178 antedictam
1125 3118 1227 3176 amum
1248 3126 1302 3174 seu
1323 3118 1511 3190 comparant,
1535 3107 1705 3174 nullatenus
1726 3115 1930 3172 exeuntettra

111 3235 234 3300 eaodem
260 3237 420 3314 civitatem,
450 3237 509 3300 uisi
529 3235 688 3302 aolumodu
709 3236 767 3300 sub
788 3237 966 3298 auctoritate
987 3231 1129 3296 hillarum
1151 3243 1203 3296 seu
1225 3227 1314 3306 bille,
1348 3228 1519 3294 nominibus
1547 3244 1600 3292 seu
1624 3229 1742 3290 nomine
1765 3226 1930 3290 liberorum

110 3355 154 3418 val
177 3355 269 3422 liberi
291 3357 419 3420 civitatis
440 3355 583 3436 predicte,
607 3357 636 3420 iu
659 3373 694 3420 ee
717 3363 804 3436 parte
824 3351 1049 3428 faciendarum
1085 3357 1175 3430 prout
1203 3352 1293 3414 ceteri
1319 3355 1389 3412 aute
1415 3348 1470 3412 bec
1493 3353 1627 3428 tempora
1648 3344 1748 3410 lacere
1769 3361 1930 3413 comnena-

112 3485 179 3540 runt
200 3495 239 3542 au
263 3475 418 3555 bucusque
441 3474 566 3554 radunt,
589 3475 752 3540 secundum
775 3471 1005 3540 eonsuemdtnes
1027 3471 1156 3534 ciuitatis
1177 3469 1322 3548 predicte.

265 3595 304 3659 lit
324 3597 414 3660 etiam
435 3596 516 3676 quod
538 3596 666 3676 predicti
689 3596 787 3658 maior
807 3595 869 3658 sive
892 3599 992 3656 costos
1014 3599 1043 3654 et
1064 3591 1248 3654 camerarios
1270 3585 1439 3668 Guybalde,
1467 3595 1496 3650 et
1516 3601 1621 3650 eorum
1643 3601 1848 3662 successoros,
1880 3586 1932 3664 qui

114 3733 168 3794 pru
191 3726 332 3796 tempore
348 3713 458 3795 locent,
481 3715 632 3782 solverent
649 3724 679 3779 et
694 3713 1024 3779 reddereut'anuuatim
1045 3711 1266 3790 imperpetuum
1288 3703 1461 3773 cumodtbm
1483 3702 1610 3772 meletio
1632 3703 1737 3774 suncti
1751 3701 1935 3791 Botltolpbi

114 3833 208 3903 iectu
231 3833 498 3923 Billpnpespote,
522 3835 655 3900 london.
677 3851 734 3917 pro
756 3841 891 3912 tempore
912 3831 1124 3906 existentibus,
1161 3826 1316 3894 besdeoim
1343 3824 1457 3890 solidos
1486 3833 1515 3890 at
1536 3833 1667 3903 quatuor
1691 3823 1832 3890 decamus
1858 3831 1933 3888 ster·

115 3955 267 4040 lingonum
295 3958 385 4022 smol
401 3965 444 4022 <et
470 3957 563 4022 semel
585 3959 614 4020 in
636 3955 713 4020 testo
735 3953 851 4018 Pasobe
877 3951 916 4018 ad
938 3951 1006 4016 iude
1028 3949 1187 4014 tenendum
1213 3955 1242 4010 et
1263 3945 1435 4010 laciendum
1454 3944 1589 4024 quolibet
1613 3959 1692 4009 nouo
1714 3945 1934 4024 imperpetuum

118 4078 357 4142 anniversarium
380 4075 451 4142 dicti
471 4077 617 4142 lobannis
638 4073 831 4156 lieynevvell,
862 4075 892 4136 iu
914 4089 948 4136 co
971 4070 1096 4136 ecclesia
1118 4069 1215 4134 saneti
1235 4064 1394 4146 liutulphi,
1416 4081 1474 4143 pro
1495 4064 1595 4129 anima
1618 4077 1672 4128 sua
1694 4071 1724 4126 at
1745 4062 1852 4128 ceteris
1872 4062 1937 4126 aui·

117 4198 223 4262 mabos
246 4195 401 4276 predictis,
423 4215 480 4278 per
501 4205 617 4275 nomm,
652 4194 766 4260 scilicet
787 4193 835 4258 die
856 4191 982 4256 Veneris
1004 4185 1041 4254 iu'
1062 4190 1229 4270 wdetuna
1250 4185 1455 4261 Pentmostes,
1488 4199 1557 4248 oum
1584 4181 1731 4263 solempni
1760 4181 1935 4261 puteacioue

118 4329 346 4397 campanorum,
370 4313 508 4383 Plueebo
531 4324 560 4380 et
580 4313 715 4401 Diripe,
749 4331 816 4380 cum
839 4314 931 4376 missa
953 4311 991 4376 de
1016 4305 1167 4396 Requiem
1188 4309 1218 4371 iu
1240 4305 1370 4370 crastino
1392 4305 1544 4383 sequenti,
1576 4308 1605 4364 et
1635 4301 1742 4366 ceteris
1764 4299 1870 4364 umetis
1896 4301 1935 4362 ad

117 4433 290 4501 huiusmodi
310 4435 392 4500 dictu
419 4437 636 4514 anniversarii,
669 4437 747 4500 sient
772 4434 909 4510 decerem
943 4447 978 4496 ao
1005 4427 1180 4494 custodibus
1206 4423 1334 4492 ecclesie
1359 4417 1514 4492 morian
1534 4418 1730 4496 Senecionem
1755 4416 1800 4484 od
1827 4417 1936 4500 [enom

117 4553 254 4622 modun.
276 4571 334 4636 pro
356 4565 491 4635 tempore
511 4556 722 4631 existentibus,
756 4553 914 4618 tresdecim
941 4548 1055 4614 solidus
1084 4556 1114 4612 et
1143 4553 1273 4627 quatuor
1299 4543 1454 4618 denarios,
1487 4555 1602 4605 ueouou
1630 4537 1803 4604 custodibus
1832 4536 1938 4604 sonem

117 4673 246 4742 Andros
267 4693 367 4763 super
391 4673 560 4742 domabili
579 4675 715 4741 london.
744 4675 901 4738 tresdecim
929 4669 1043 4734 solidos
1070 4675 1100 4732 et
1127 4674 1256 4746 quatuor
1277 4663 1435 4738 denarios,
1467 4659 1506 4726 ad
1535 4673 1623 4724 suom
1644 4658 1882 4730 anniversarium
1904 4659 1934 4720 iu

119 4796 229 4861 eudem
251 4795 398 4874 ecclesiis,
420 4797 626 4860 consimilibus
647 4793 738 4860 modo
760 4801 791 4858 et
811 4792 908 4858 lorma
931 4799 960 4854 at
981 4788 1105 4864 vicibus,
1128 4784 1288 4850 tenendum
1311 4789 1340 4848 ct
1362 4779 1542 4846 iaciendum.
1586 4776 1622 4840 Et
1644 4778 1767 4855 insuper
1784 4775 1936 4856 predicere

119 4915 270 4981 lebannes
281 4915 572 4998 Reyoevvellvcluit,
595 4911 676 4994 quod
699 4911 768 4976 iude
789 4911 914 4992 quilibet
936 4907 1110 4990 capellanus
1133 4903 1345 4986 stipendiarius
1366 4900 1513 4964 dictarum
1530 4898 1620 4963 trium
1635 4895 1842 4972 eeclesiarum,
1865 4905 1936 4960 tuuc

121 5035 228 5102 ibidem
250 5038 391 5112 existens,
414 5035 538 5101 baberet
559 5051 611 5098 set
633 5032 786 5111 denarios,
807 5040 837 5095 et
858 5029 981 5108 quilibet
1001 5028 1179 5091 clericorum
1201 5023 1397 5090 ecclesiarum
1409 5019 1623 5099 predictorum,
1645 5032 1703 5096 pro
1719 5013 1935 5080 omotoeorum
1956 5081 1959 5094 ,

117 5158 214 5226 debite
236 5158 378 5225 laniendo
399 5156 522 5222 baberet
544 5163 675 5236 quamor
696 5152 853 5216 denarios:
886 5155 915 5212 et
937 5155 1032 5212 totum
1052 5146 1083 5211 id
1105 5144 1186 5224 quod
1215 5141 1387 5224 superloret
1410 5140 1449 5205 de
1474 5137 1561 5204 dietis
1590 5136 1748 5204 tresdecim
1775 5133 1880 5208 solidis
1908 5143 1938 5200 et

117 5287 248 5356 quatuor
270 5277 418 5356 denariis,
454 5279 482 5340 iu
505 5277 637 5356 qualibet
658 5273 784 5338 eeclesia
806 5269 953 5334 dictatum
975 5267 1181 5344 ecelesiarum,
1203 5263 1281 5328 ultra
1302 5262 1415 5328 dictum
1437 5258 1674 5326 anniversarium
1702 5269 1806 5334 suum,
1839 5251 1938 5320 lorma

119 5409 267 5484 utsupra
291 5398 519 5482 perimpletum,
541 5397 650 5473 voluit,
673 5393 754 5474 quod
776 5391 995 5473 expenderetur
1016 5391 1047 5452 in
1069 5389 1163 5452 ocreis
1185 5385 1222 5450 ad
1246 5383 1410 5448 ardendum
1433 5380 1472 5447 ad
1494 5391 1644 5446 sumtuum
1665 5375 1760 5440 aliave
1781 5377 1940 5442 cuiuslibet

1690 5526 1737 5581 13·
