4716 6330
880 653 990 752 aeos,
1015 657 1104 752 sper
1128 655 1188 728 aa.
1842 655 1926 740 les

84 941 165 1006 dicit.
210 939 404 1020 spectabiles
425 947 455 1003 et
476 939 636 1004 clarissimi
658 939 733 1003 viril
778 937 962 1005 Mercatores
982 939 1083 1006 llanse
1105 939 1297 1020 Alemannis,
1320 941 1373 1021 qui
1393 938 1452 1004 boc
1475 957 1569 1024 regno
1592 949 1696 1006 nostro
1718 957 1775 1004 sua
1797 948 1928 1006 tractent

84 1062 222 1143 negocia,
247 1058 347 1140 pridie
368 1075 424 1124 nos
447 1059 587 1135 docuere,
610 1058 692 1138 quod
713 1075 768 1136 per
789 1060 925 1123 civitates
946 1059 1082 1122 eiusdem
1104 1057 1204 1123 Hense
1232 1059 1272 1122 ad
1300 1057 1449 1123 sedandas
1478 1059 1649 1124 discordias
1678 1060 1758 1122 ultro
1786 1064 1925 1140 citroque

83 1179 182 1242 media
205 1182 432 1243 communicata
453 1175 583 1252 luerent,
608 1177 728 1241 tandem
750 1193 821 1241 vero
843 1177 1032 1254 conclusum,
1055 1178 1137 1257 quod
1159 1177 1240 1241 dieta
1262 1177 1432 1242 communis
1454 1178 1677 1255 celebraretur,
1710 1180 1736 1242 si
1758 1179 1816 1242 boc
1839 1179 1927 1242 nobis

84 1305 205 1378 gratnm
227 1297 321 1360 leret.
363 1296 489 1376 Deque
511 1312 545 1358 re
565 1297 660 1358 eciam
678 1298 833 1374 cerciores
855 1294 927 1360 lectt
950 1311 1072 1360 eramus
1092 1311 1149 1376 per
1170 1295 1291 1373 literas,
1324 1311 1401 1376 quas
1423 1295 1511 1360 nobis
1532 1295 1618 1360 reddi
1639 1296 1771 1360 fecerant
1793 1297 1927 1360 Procon-
1968 1285 1973 1294 ’

83 1415 164 1480 sulas
186 1423 223 1480 et
242 1413 394 1480 Consules
415 1415 543 1478 civitatis
565 1411 772 1491 coloniensis,
800 1416 852 1494 qni
874 1417 995 1478 nominc
1017 1415 1113 1477 tocius
1136 1413 1235 1477 Haase
1257 1413 1296 1478 ad
1318 1430 1375 1477 nos
1397 1419 1600 1493 scripserunt;
1633 1417 1820 1492 intimantes,
1843 1414 1926 1494 quod

83 1538 111 1596 in
133 1535 212 1597 urbe
236 1542 339 1598 restra
360 1531 398 1597 de
419 1531 634 1615 llambonrgb‚
668 1533 748 1596 dieta
776 1529 951 1596 baiusmodi
978 1531 1160 1597 celebranda
1189 1532 1379 1597 commodius
1408 1532 1572 1598 rideretur.
1615 1533 1663 1598 Ad
1691 1533 1801 1598 testum
1828 1534 1927 1596 sandi

82 1652 231 1716 lobannis
255 1653 387 1730 baptiste
408 1652 468 1715 iam
491 1658 676 1715 transectum
698 1652 889 1732 perennius,
922 1649 962 1712 ad
984 1651 1141 1714 literarum
1164 1650 1336 1716 buiusmodi
1368 1659 1397 1715 et
1425 1659 1630 1716 mercatorum
1656 1655 1838 1728 instancles,
1862 1667 1927 1713 am·

83 1768 274 1834 bessiatorss
296 1779 427 1847 nostros,
449 1771 501 1850 qui
522 1769 695 1835 Traiectum
718 1768 892 1833 inferiorem
913 1776 984 1832 sunt
1004 1766 1143 1848 proiecti,
1166 1785 1224 1849 pro
1245 1770 1325 1833 dieta
1347 1774 1415 1848 ipse
1438 1769 1641 1847 conicienda,
1671 1770 1754 1849 quod
1776 1787 1793 1832 e
1816 1786 1850 1832 re
1870 1785 1928 1848 pu·

83 1889 161 1951 blica
185 1895 295 1952 nostra
319 1887 384 1951 iore
406 1886 572 1951 videbatur.
617 1886 753 1952 Tametsi
773 1885 885 1950 iniecto
906 1889 1035 1969 negouo
1057 1894 1195 1951 oratores
1216 1889 1276 1966 ipsi
1299 1889 1360 1952 sint
1373 1890 1496 1966 reversi,
1519 1889 1745 1968 nihilosecius,
1768 1889 1839 1968 quie
1854 1887 1927 1950 dicti

84 2015 274 2071 mercatores
295 2006 335 2070 de
355 2004 457 2070 llansa
478 2005 610 2087 plurime
632 2005 765 2070 dicentes
787 2021 844 2086 pro
866 2005 1066 2069 excusacione
1086 2021 1147 2068 non
1168 2004 1326 2069 observate
1348 2005 1436 2083 diele,
1459 2006 1497 2070 de
1519 2008 1637 2088 integro
1658 2007 1746 2070 nobis
1767 2021 1928 2084 persuase-

83 2133 160 2204 runt,
184 2134 219 2189 ut
241 2123 414 2190 discordias
436 2123 627 2202 supradictas
645 2123 772 2188 tollendi
794 2121 984 2202 lenienuique
1005 2127 1119 2204 gracie,
1142 2123 1223 2203 qnod
1240 2125 1305 2188 eius
1321 2121 1374 2204 (i)
1392 2123 1457 2188 llari
1479 2133 1593 2206 posset,
1616 2125 1747 2188 contenti
1768 2123 1927 2200 fuerimus,

81 2251 112 2306 ut
130 2245 281 2312 hincinde
304 2246 452 2307 securitas
474 2242 566 2306 detur
588 2242 808 2306 mercatoribus
830 2241 1105 2321 utriusquepartis
1127 2243 1248 2306 biennio
1270 2242 1436 2324 duratura;
1458 2258 1519 2322 quo
1541 2243 1670 2322 quidemj
1689 2244 1834 2320 temporis
1857 2257 1927 2304 cnr-

84 2362 178 2426 riculo
202 2371 313 2426 mutua
334 2361 567 2426 communicatio
589 2368 619 2424 et
640 2361 736 2425 libera
758 2358 1002 2425 mercandisandi
1024 2358 1155 2425 incultas
1177 2360 1350 2424 baberetur.
1394 2359 1486 2440 Quod
1508 2363 1535 2424 si
1557 2377 1595 2423 ex
1616 2368 1704 2439 parte
1719 2361 1816 2439 ipsius
1828 2358 1928 2422 llense

83 2489 243 2560 acceptum
267 2479 415 2544 habeatnr
437 2487 465 2543 et
487 2479 573 2543 litere
593 2478 777 2544 sufficientes
798 2495 892 2556 super
912 2479 971 2542 boc
994 2479 1133 2560 expedite
1161 2480 1309 2558 nobisque
1335 2479 1501 2543 deliberate
1527 2478 1658 2556 luerint,
1692 2487 1927 2555 nostrarumque

84 2601 259 2664 simillimas
277 2606 401 2678 pmatss
418 2598 550 2664 babebit.
562 2599 597 2678 ¹)
631 2598 824 2678 interimque,
847 2606 881 2662 ut
899 2599 998 2662 omnis
1016 2615 1033 2661 e
1049 2573 1150 2662 medio
1167 2599 1294 2664 tollatur
1309 2597 1459 2674 simultas,
1482 2600 1509 2662 si
1530 2605 1667 2660 oratores
1690 2596 1812 2661 nomine
1834 2597 1929 2676 ipsius

84 2717 181 2783 llense
203 2719 246 2784 ad
269 2717 441 2780 Traiectum
463 2717 671 2797 supradictum
694 2717 740 2781 vel
762 2717 801 2780 ad
823 2717 925 2781 locum
947 2717 1035 2782 nobis
1057 2719 1325 2798 propinquiorem,
1359 2721 1562 2781 transmittent
1589 2716 1670 2780 circa
1697 2714 1808 2780 testum
1830 2713 1929 2778 sancti

84 2837 232 2904 lobannis
260 2838 392 2916 baptiste
420 2838 607 2916 proximum,
641 2843 761 2900 nostros
787 2837 884 2900 eciam
911 2837 999 2899 btinc
1026 2834 1178 2900 destinare
1207 2836 1396 2913 curabimus,
1429 2836 1456 2897 si
1485 2842 1622 2916 tempore
1648 2849 1784 2915 congruo
1810 2832 1848 2896 de
1870 2833 1929 2896 boe

87 2971 140 3020 nos
168 2958 320 3021 certiores
348 2953 492 3018 efficient:
537 2970 635 3032 nequae
661 2955 741 3017 enim
767 2951 905 3017 difficiles
933 2957 1046 3018 emmas
1078 2957 1110 3017 in
1137 2955 1228 3018 rebus
1255 2955 1346 3033 ipsis,
1380 2969 1439 3031 que
1467 2954 1622 3016 communi
1650 2953 1731 3016 bono
1759 2951 1929 3016 conducere
1986 3017 1996 3032 ‚

86 3075 278 3140 videbantur.
321 3073 367 3136 Ex
388 3076 524 3138 manerio
546 3080 650 3137 nosco
672 3072 710 3135 de
730 3071 863 3149 liltbam,
886 3075 980 3136 tercio
1003 3087 1099 3136 nonas
1120 3071 1288 3159 lanuarias.
1864 3081 1867 3090 ’

1545 3188 1717 3253 lidwardus
1738 3188 1775 3252 ll.

243 3308 287 3375 lo
309 3309 429 3378 ἀυνεοκε
463 3307 687 3390 spectabilibus
708 3317 737 3372 et
759 3309 937 3374 clarissimis
963 3309 1051 3384 viris,
1086 3306 1324 3372 Proconsulibus
1350 3315 1379 3370 et
1408 3304 1591 3372 Consulibus
1621 3307 1751 3370 ciuitatis
1779 3304 1927 3369 llambor-

87 3432 196 3510 gensis,
220 3432 331 3496 amicis
353 3429 465 3494 nostris
487 3428 663 3494 carissimis.

116 3681 233 3770 clx
284 3685 600 3790 deicito-Beies
631 3686 703 3765 dee
732 3683 884 3766 Bulbos
912 3710 961 3765 sc
991 3636 1206 3766 Strolsocd
1231 3683 1299 3788 fite
1332 3685 1395 3766 die
1428 3684 1652 3790 copiiscbeo
1682 3683 1897 3787 Koutleute.

799 3834 916 3940 1465,
947 3835 1062 3942 April
1088 3837 1155 3916 23.
1173 3835 1211 3942 ⁹)

241 4020 395 4086 Universis
421 4028 461 4084 et*
477 4019 606 4104 singulis
634 4026 789 4100 presentes
816 4018 918 4082 literas
945 4019 1125 4098 inspecturis
1152 4017 1365 4095 Proconsules,
1396 4014 1546 4084 Consules
1575 4027 1698 4100 totaque
1727 4022 1928 4083 communitas

89 4138 214 4206 dumus
238 4137 514 4205 Stralsssundcnsis
535 4109 639 4202 notun
662 4136 801 4214 lecimus,
824 4136 947 4218 publice
968 4143 1220 4219 recognoscentes
1242 4152 1299 4217 per
1319 4145 1485 4216 presentes,
1508 4137 1590 4216 quod
1613 4154 1669 4202 nos
1691 4139 1877 4202 serenissimi
1898 4143 1928 4198 et

90 4255 275 4326 invictissimi
296 4257 443 4336 principis
464 4265 494 4320 et
514 4256 647 4334 domini,
675 4253 790 4320 domini
811 4253 975 4333 Edwemli,
998 4255 1108 4339 Anglie
1129 4264 1158 4319 et
1178 4255 1306 4319 Francis
1327 4256 1409 4337 regis
1431 4255 1606 4336 dominique
1628 4253 1785 4333 llibernie,
1812 4255 1927 4318 domini

91 4380 184 4439 nostri
205 4375 437 4460 preciosissimi,
460 4375 635 4458 regnicolis,
657 4373 796 4452 subditis,
819 4373 1047 4450 mercatoribus,
1070 4373 1240 4436 marinariis
1262 4380 1292 4436 et
1313 4371 1453 4436 fluetibus
1474 4375 1548 4450 suis,
1571 4373 1811 4451 quibuscumque
1832 4375 1931 4435 nomi·

90 4491 175 4558 nibus
197 4501 396 4571 censeantur,
425 4491 464 4556 de
489 4494 640 4574 presenti,
671 4493 854 4557 coniunctim
883 4499 914 4556 et
934 4489 1058 4554 cullibet
1078 4507 1117 4554 ex
1138 4493 1182 4555 eis
1204 4490 1343 4568 divisim,
1373 4492 1577 4556 concessimus
1605 4498 1634 4553 et
1662 4489 1860 4566 indulsimus,
1891 4495 1942 4582 et,

90 4613 168 4675 omni
190 4612 265 4678 dolo
287 4619 317 4676 et
337 4608 445 4674 bande
466 4614 606 4688 semotis,
637 4609 829 4706 concedimus
851 4617 882 4672 et
902 4605 1110 4691 indulgemus,
1140 4609 1197 4673 sub
1220 4608 1329 4674 barum
1351 4609 1507 4672 literarum
1531 4611 1719 4685 testimonio,
1749 4607 1878 4671 liberum
1901 4615 1932 4670 et

91 4726 207 4796 firmum
229 4731 346 4794 saluum
370 4727 551 4792 conductum
574 4736 711 4793 nostrum
735 4745 771 4792 ac
793 4731 930 4793 omnium
953 4734 982 4790 et
1002 4725 1194 4808 singulorum
1218 4735 1392 4790 nostrorum
1414 4725 1620 4803 subditorum,
1649 4740 1763 4788 necnon
1786 4741 1931 4805 quorum·

93 4859 216 4928 cumque
236 4848 367 4912 aliorum
390 4853 491 4910 nostre
512 4845 659 4910 voluntati
679 4855 770 4926 atque
792 4845 915 4910 detinni
935 4845 1151 4921 subiectorum,
1176 4847 1395 4924 cuiuscumque
1410 4857 1511 4919 serus,
1533 4849 1640 4920 emtus,
1664 4841 1818 4926 dignitatis
1840 4851 1931 4921 atque

93 4965 275 5031 condicionis
297 4965 447 5041 existent3
475 4964 517 5026 ita
540 4963 621 5042 quod
643 4966 703 5046 ipsi
725 4981 794 5029 cnm
816 4981 922 5029 eorum
944 4965 1089 5041 naribus,
1112 4963 1327 5041 mercandisis,
1350 4963 1504 5043 personis,
1529 4961 1617 5026 bonis
1638 4969 1669 5025 et
1689 4962 1780 5026 rebus
1801 4963 1875 5033 suis,
1899 4962 1930 5024 in

245 5236 270 5301 ¹)
296 5237 372 5288 Ltus
399 5239 516 5311 nocuas,
534 5247 681 5298 earumque
698 5233 858 5294 simillimas,
877 5239 983 5298 paratas
1002 5233 1147 5298 bebebnnt,
1165 5235 1206 5287 rel
1224 5234 1392 5286 babebimus.

243 5334 269 5402 ²)
295 5336 355 5391 dne
373 5338 448 5392 einer
465 5313 804 5402 oscetin-austeriorum
821 5336 869 5389 sul
884 5335 1054 5400 caesanam,
1072 5335 1121 5388 mit
1137 5335 1331 5399 angelicatum
1351 5335 1503 5400 sissetlm
1521 5331 1680 5398 bambnrper
1698 5329 1822 5384 breblre.
