4702 6346
201 1808 235 1888 Ι.
285 1809 370 1888 Dae
399 1807 525 1888 Recbi
555 1809 737 1890 tondum
764 1833 834 1889 our
865 1809 950 1888 Zcit
982 1811 1053 1889 dcc
1082 1810 1228 1913 Kdniqo
1257 1808 1480 1891 Aettotrou.
1542 1809 1869 1911 978*1016.¹)

780 1989 872 2071 Once
890 1999 1008 2078 portur
1031 1988 1329 2057 observabuntur«¹

273 2073 534 2194 Eatcreuesgne
557 2118 585 2174 et
607 2107 796 2192 Cripetsgate
819 2111 839 2172 i.
863 2127 888 2172 c.
912 2116 1017 2189 portas
1040 2109 1110 2172 illas
1131 2109 1332 2174 observabant
1353 2108 1505 2174 custodes.
1519 2109 1572 2187 Ω),

697 2224 750 2293 Do
773 2225 896 2294 teloneo
921 2226 1032 2294 dendo
1056 2226 1101 2294 cu
1126 2225 1377 2316 Bylunyccyote.

282 2393 415 2410 .......
449 2347 592 2412 Homines
614 2347 651 2410 de
672 2344 842 2430 Rotomago
1021 2347 1221 2411 Fiandrcnses
1244 2355 1274 2408 et
1294 2345 1487 2410 Ponteienses
1509 2354 1538 2408 et
1558 2347 1745 2412 Normannia
1769 2355 1799 2410 et
1821 2347 1957 2424 Francia,

117 2466 331 2532 monstrabant
358 2483 407 2530 ros
435 2482 507 2530 suas
534 2475 563 2529 et
589 2465 812 2529 extoineebaut.
857 2464 961 2548 iiogge
976 2466 1012 2544 ³)
1042 2474 1072 2530 et
1092 2465 1237 2530 brodium
1251 2464 1288 2545 ⁴)
1319 2471 1348 2526 et
1368 2463 1501 2541 Nicetis,
1517 2465 1553 2542 ⁵)
1580 2468 1632 2546 qni
1658 2483 1715 2545 pcc
1738 2475 1834 2530 terras
1864 2467 1957 2541 ibant,

118 2587 323 2650 ostensionem
338 2585 373 2663 ⁶]
396 2584 509 2648 dabant
530 2592 559 2649 et
581 2583 743 2648 teloneum.
787 2582 825 2646 Et
845 2583 983 2648 homines
1005 2584 1215 2664 imperatoris,
1246 2583 1298 2662 qui
1319 2583 1478 2646 ueniebant
1501 2585 1531 2646 in
1554 2584 1682 2648 navibus
1705 2585 1784 2666 suis,
1808 2584 1957 2648 bonarum

119 2705 219 2788 logum
251 2704 334 2786 digni
365 2703 560 2781 tenebantur,
594 2705 672 2766 sicut
701 2710 730 2766 et
759 2717 825 2766 uos.
876 2702 1002 2766 Praeter
1029 2702 1230 2766 discurrerem
1260 2701 1362 2782 lanam
1392 2710 1421 2764 et
1449 2701 1597 2766 dissutum
1621 2701 1656 2780 ⁷)
1687 2709 1811 2766 unctum
1840 2711 1869 2764 et
1897 2709 1959 2764 tros

119 2840 231 2902 porcos
254 2825 336 2887 rivos
359 2822 469 2886 licebat
490 2823 534 2886 eis
556 2838 655 2886 emere
677 2823 707 2884 in
730 2836 821 2884 nares
844 2836 931 2898 suas;
954 2828 983 2883 et
1005 2835 1065 2884 non
1089 2820 1199 2915 licebat
1220 2821 1263 2884 cis
1286 2819 1409 2899 aliquod
1428 2819 1605 2902 sorreapnm
1627 2819 1727 2883 facere
1749 2820 1958 2884 bnrbmannis.

119 2941 204 3021 w)
237 2987 329 3004 .....
358 2941 432 3004 dare
455 2941 605 3005 teloneum
627 2957 732 3018 sunm3
755 2948 785 3006 et
807 2941 837 3002 in
860 2949 964 3004 sancto
983 2939 1082 3002 Natali
1099 2939 1219 3001 Domini
1235 2937 1317 3004 duos
1339 2939 1498 3021 grisengos
1521 2915 1691 3018 pannos'ot
1714 2955 1805 3002 unum
1829 2941 1958 3002 brunum

120 3069 147 3124 et
168 3061 275 3125 decem
303 3059 398 3124 libras
420 3059 534 3140 piperis
562 3067 591 3123 et
619 3061 765 3124 ciroteoas
794 3062 926 3138 quinquo
955 3059 1110 3122 bominum
1141 3065 1171 3120 et
1199 3057 1275 3120 duos
1303 3056 1472 3121 caballinus
1502 3057 1630 3120 tonciios
1659 3067 1744 3121 cocto
1773 3058 1898 3137 pronos,
1932 3066 1961 3122 et

119 3179 244 3244 totidem
267 3179 298 3242 in
320 3177 446 3242 Pascha.

120 3436 170 3517 tl.
218 3437 345 3542 noua
370 3437 556 3518 Heinrich
580 3437 629 3516 11.
659 3442 792 3516 oimmt
823 3436 886 3515 dic
913 3433 1053 3516 conor
1082 3442 1123 3516 in
1152 3443 1288 3515 reinero
1313 3433 1470 3534 setun,
1500 3435 1824 3514 commobebitur
1849 3434 1961 3514 Hono

50 3583 56 3594 '
768 3595 810 3668 in
839 3588 1010 3668 bocum.
1073 3587 1232 3688 (1157.)
1268 3584 1303 3688 ⁹)

275 3771 432 3850 Henricus,
455 3769 510 3836 Dei
529 3774 632 3854 gracia
650 3737 704 3835 rex
722 3769 830 3854 Angiie
849 3779 878 3835 et
898 3770 958 3848 dut
979 3769 1164 3835 Normannie
1183 3777 1213 3833 et
1233 3767 1391 3848 Aquitania
1412 3775 1440 3832 et
1458 3784 1559 3831 comes
1574 3765 1750 3850 dndigauie‚
1775 3769 1960 3846 insudastis,

123 3871 347 3955 vicecomitibus
363 3899 393 3952 et
409 3891 550 3954 omnibus
568 3891 713 3954 ministris
731 3891 795 3953 suis
811 3888 919 3971 tingite
937 3889 1078 3952 salutem.
1119 3888 1257 3967 Proripio
1277 3887 1371 3964 robis,
1395 3886 1476 3965 quod
1494 3885 1669 3950 custodiatis
1691 3897 1720 3950 et
1742 3890 1961 3952 manuteneatis

123 4019 150 4074 ct
171 4012 340 4092 protegatis
361 4009 498 4074 homines
521 4017 551 4072 ot
573 4011 654 4072 ciues
677 4005 890 4084 colonienses,
914 4007 991 4069 sicut
1013 4004 1150 4069 homines
1173 4021 1256 4068 meos
1278 4013 1307 4068 ot
1329 4005 1453 4082 amicos,
1477 4013 1506 4067 et
1526 4021 1631 4068 omues
1653 4023 1702 4069 res
1725 4015 1754 4069 et
1776 4015 1962 4070 mercaturas

123 4147 191 4194 snas
215 4138 247 4192 et
267 4130 493 4208 possessiones,
522 4131 582 4206 ita,
604 4127 686 4206 quod
709 4141 806 4206 neque
828 4126 865 4190 de
889 4123 985 4192 domo
1010 4143 1071 4190 suo
1094 4121 1263 4204 Loudon.‚
1287 4140 1383 4202 neque
1405 4124 1443 4187 de
1466 4125 1574 4201 robus,
1605 4141 1702 4204 nequo
1724 4125 1761 4189 de
1784 4129 1962 4191 mercaturis

280 4383 304 4450 ¹)
332 4385 405 4438 Naob
423 4386 474 4436 den
492 4382 634 4437 Abdruoite
652 4383 680 4432 in
698 4383 750 4433 don
767 4377 883 4431 Anoiant
901 4381 965 4432 taus
984 4381 1036 4432 aud
1054 4380 1190 4432 institutes
1210 4379 1239 4429 oi
1253 4377 1390 4440 Enniam,
1410 4379 1451 4430 ed.
1470 4377 1502 4427 B.
1519 4380 1633 4444 Timor,
1654 4393 1680 4443 p.
1694 4377 1752 4432 itt.
1824 4378 1850 4444 ²)
1880 4379 1962 4431 bisse

123 4468 209 4522 Thore
228 4470 336 4521 nurum
355 4482 407 4522 ron
425 4470 477 4520 dan
494 4469 639 4520 Londoner
656 4467 777 4530 Biirgern
801 4467 933 4531 bancort,
958 4467 1016 4517 atro
1035 4466 1108 4518 niobt
1124 4466 1312 4528 Risboosgate.
1419 4463 1445 4528 ³)
1472 4463 1578 4528 Horou,
1603 4477 1635 4514 an
1655 4465 1716 4516 dem
1735 4476 1784 4516 ans
1803 4465 1863 4516 dem
1883 4462 1962 4527 zoin,

125 4555 182 4604 dem
202 4555 272 4606 atton
291 4553 399 4616 Sinoiai,
418 4554 484 4605 narb
503 4554 615 4604 bamma
632 4553 688 4603 und
706 4553 811 4616 Briisssse
830 4551 978 4604 idbrcnden
997 4551 1110 4614 Canale,
1129 4551 1165 4600 im
1184 4551 1291 4602 Norden
1310 4561 1361 4599 von
1381 4548 1776 4612 Ostssandern,1etztflouct,
1796 4548 1890 4600 uniern
1910 4548 1960 4600 des

124 4639 158 4690 im
177 4641 291 4692 tiitesten
308 4639 538 4702 Hambnrgischen
557 4637 727 4690 Sobturocbto
752 4635 823 4699 (und
849 4638 933 4688 achon
952 4648 1002 4694 ,ror
1022 4632 1087 4687 tttt
1111 4635 1138 4684 tn
1157 4631 1282 4685 Gitbort's
1306 4633 1471 4684 Historias.
1490 4629 1576 4683 Caroli
1595 4632 1674 4683 beni.
1692 4645 1715 4683 c.
1730 4631 1770 4696 tt,
1789 4645 1812 4683 s.
1827 4633 1960 4697 Lanccbcir

125 4716 1963 4787 wmmmmbffinfflfflfflwwmmmwmmmmfflmmmmmmmmmfflm

125 4808 318 4860 Sobitirecbtcs.
363 4807 451 4872 Verri.
471 4806 648 4860 Urimndiiohe
666 4806 824 4860 Gesebiobtc
848 4809 895 4858 dar
913 4806 1065 4858 Deumcbeu
1082 4803 1184 4856 Hense.
1209 4803 1305 4854 Tuti.
1331 4802 1358 4854 S·
1374 4799 1422 4866 ut,
1450 4815 1488 4852 uo
1514 4815 1547 4854 an
1571 4799 1694 4864 notingo
1719 4803 1767 4853 des
1791 4801 1958 4854 niocaehnten

125 4895 316 4948 tmrbuudarte
334 4895 410 4947 bloba
433 4895 487 4946 und
506 4895 604 4946 Portus
622 4893 761 4947 suenonis
786 4893 871 4959 neben
890 4891 1017 4942 einander
1040 4889 1080 4940 aia
1104 4889 1168 4940 zuei
1191 4900 1241 4938 roo
1266 4887 1317 4938 don
1335 4887 1445 4940 Hansen
1465 4887 1592 4938 basuebte
1610 4885 1695 4938 Biton
1715 4892 1832 4950 genennt
1850 4887 1962 4940 werden.

129 4978 153 5041 ⁴)
179 4981 291 5044 Litrtirb,
310 4965 426 5032 dor'utte
445 4980 498 5032 sit:
516 4979 564 5030 dos
582 4979 732 5042 Riscbotas,
750 4976 812 5028 dem
830 4977 897 5027 auch
916 4976 965 5026 das
984 4975 1052 5026 oben
1071 4987 1104 5024 an
1121 4967 1172 5038 83
1190 4973 1330 5032 orcibeta,
1349 4986 1395 5024 zor
1414 4971 1566 5022 bentsobeo
1579 4971 1671 5022 Hense
1690 4973 1846 5035 gorcohnete
1865 4973 1964 5023 Dicent

128 5066 239 5126 gebdrto.
353 5064 379 5129 ⁵)
408 5065 518 5116 Nicator
536 5075 569 5114 uu
588 5062 635 5115 dor
654 5061 742 5114 Senoc
761 5063 797 5113 irn
816 5061 956 5113 siidiicben
973 5061 1099 5111 linebant.
1218 5057 1244 5122 ⁶)
1276 5058 1393 5109 ortensio
1412 5057 1448 5106 ist
1466 5056 1525 5106 eice
1543 5053 1654 5118 Abgabe
1673 5055 1715 5106 iiic
1733 5057 1776 5109 die
1793 5057 1962 5120 Eriaubniss,

117 5149 239 5202 'Waacen
265 5163 311 5201 rur
336 5149 421 5201 sebon
446 5147 612 5211 ansteum,
638 5148 840 5211 ausuupssegen.
880 5143 1047 5208 ntnngttsm
1072 5144 1237 5208 subeuntum
1262 5144 1329 5195 auch
1353 5141 1515 5202 ascanium,
1544 5140 1705 5202 scacarium.
1846 5139 1872 5204 ⁷)
1901 5142 1964 5206 teuc

129 5229 443 5296 fflffiwmm
585 5227 1274 5299 wfflmwmmwmfflm

280 5335 306 5402 ⁹)
334 5333 393 5386 Ans
412 5338 472 5389 dem
491 5335 586 5388 Cb'ioor
604 5334 782 5400 Contribuoba
802 5345 861 5386 rom
880 5331 960 5382 Jabro
981 5325 1055 5384 1³96.

281 5421 305 5462 ο

409 5528 432 5568 ,
520 5531 522 5534 ,
