4716 6330
401 651 464 732 44
1187 639 1297 736 llll,
1322 645 1396 716 loni
1420 641 1456 712 4.

405 931 596 1010 consulere,
615 939 650 996 nt
669 931 729 1012 ipsi
749 929 913 1010 dignentur
932 943 1002 994 cum
1018 928 1088 994 ¹suis
1109 928 1197 992 bonis
1218 935 1249 992 et
1268 923 1467 996 montisc
1493 925 1533 988 sd
1561 923 1746 1006 cepodtcun
1774 924 1878 1002 villum
1906 937 2042 990 mmerre
2070 932 2102 988 et
2126 921 2231 1001 mbo,

406 1057 499 1129 prout
519 1058 588 1114 onte
610 1048 665 1112 bec
686 1055 824 1128 temporo
846 1047 946 1111 iecere
968 1044 1118 1111 solebant.
1161 1045 1199 1110 Et
1220 1061 1276 1110 uos
1298 1044 1502 1126 promittimus
1523 1043 1608 1108 robis
1629 1052 1660 1108 et
1683 1043 1760 1121 illis,
1791 1043 1873 1108 bons
1895 1042 1954 1107 ilde
1975 1050 2005 1106 et
2025 1041 2167 1120 indubio,
2194 1044 2235 1108 sic

405 1168 605 1234 armenotttter
625 1173 821 1248 pertrectare,
844 1163 1021 1242 consulere,
1056 1173 1087 1228 et
1107 1165 1151 1228 eis
1173 1163 1332 1228 subvenire
1354 1164 1385 1226 in
1406 1162 1550 1242 mnibus
1570 1162 1634 1226 suis
1662 1161 1862 1244 peragendis,
1896 1162 1928 1224 iu
1954 1158 2093 1225 d'strictu
2120 1169 2233 1237 nosuo,

405 1286 511 1365 [salvo
543 1286 609 1348 iure
625 1284 769 1368 regio),
803 1283 885 1363 qood
916 1283 975 1362 ipsi
1006 1281 1161 1346 habebunt
1191 1283 1368 1346 ubcmorem
1395 1278 1536 1346 effectum
1567 1287 1597 1345 et
1625 1279 1811 1344 voluntatum
1843 1278 1956 1344 ibidem
1987 1280 2232 1360 appropinquare

404 1405 485 1466 et'in
506 1411 662 1482 posterum
684 1403 841 1467 reuenire:
875 1401 1003 1465 scientes
1024 1400 1106 1482 quod
1128 1401 1170 1462 its
1192 1398 1320 1481 proulde
1341 1407 1372 1462 ct
1392 1398 1520 1462 discrete
1540 1396 1713 1478 superbiis
1740 1397 1986 1477 prouidebimus,
2009 1395 2161 1462 mediante
2182 1397 2233 1461 liei

403 1523 518 1604 gmon,
541 1521 624 1600 quod
647 1519 749 1586 nullus
771 1520 850 1586 nlius
872 1520 1010 1586 minister
1031 1535 1086 1582 seu
1107 1515 1273 1581 oidelerius
1295 1515 1430 1594 aliquem
1452 1514 1596 1596 injurium
1616 1517 1660 1584 eis
1680 1514 1771 1580 ieciet
1796 1513 2026 1594 quoquomodo,
2060 1516 2092 1580 iu
2115 1515 2172 1582 biis
2193 1517 2233 1580 sic

403 1647 527 1723 egentes
549 1647 641 1722 prout
661 1639 694 1701 io
715 1638 801 1702 vobis
822 1637 964 1702 flducism
984 1636 1119 1718 gerimus
1140 1634 1319 1716 pleniorem.
1360 1631 1466 1697 Velete
1487 1634 1520 1696 iu
1541 1649 1594 1708 eo,
1621 1634 1676 1712 qui
1697 1641 1744 1697 est
1764 1634 1901 1698 omnium
1923 1649 1993 1696 rere
2015 1631 2112 1698 sulus.
2157 1631 2234 1698 Scri·

403 1766 490 1836 ptum
509 1756 698 1834 lernemutb,
720 1771 801 1819 enno
821 1755 944 1818 Domini
965 1753 1127 1818 millesimo
1149 1749 1290 1820 CCCC¹·.⁰
1314 1728 1417 1829 livii,⁴
1437 1752 1551 1815 mensis
1571 1748 1687 1830 Aprilis
1709 1750 1759 1814 die
1781 1751 1971 1816 duodecimo.

558 1875 657 1940 Vestri
685 1877 717 1938 io
745 1873 904 1952 omnibus,
936 1873 1087 1937 liebertus
1114 1870 1188 1952 lilys
1215 1878 1245 1935 et
1270 1865 1376 1936 Simon
1401 1868 1532 1946 Bcerde,
1566 1867 1753 1934 Gustumsrii
1786 1871 1818 1932 in
1851 1869 1923 1933 villo
1950 1877 1980 1932 et
2006 1877 2098 1948 portu
2130 1887 2234 1954 megne

403 1993 589 2060 teroemutb.

557 2109 599 2177 lo
619 2093 744 2178 dom:
776 2111 1023 2188 venerabilibus,
1045 2109 1184 2189 prouidis
1216 2115 1245 2171 et
1271 2107 1410 2172 discretis
1431 2107 1520 2184 viris,
1550 2104 1734 2171 Consulibus
1755 2121 1792 2171 sc
1813 2103 2049 2170 proconsulibus
2071 2107 2236 2186 ceterisque

269 2217 276 2232 '
403 2232 508 2312 probis
531 2230 703 2296 bominibus
724 2230 855 2294 ciuitatis
876 2230 915 2293 dc
935 2227 1125 2312 ttanourpb,
1146 2233 1337 2308 presentetur
1356 2225 1413 2290 bec
1435 2223 1534 2288 litere.

402 2452 562 2536 nxul.
597 2455 851 2555 ursmaro,
868 2454 1017 2557 Korope,
1033 2451 1332 2551 cosdAldcmcio,
1350 2447 1691 2552 desecoldbesroo,
1715 2447 1932 2528 Vollmocltt
1946 2448 2042 2528 nod.
2058 2447 2235 2554 Yoprnm,

402 2635 470 2688 secr
498 2607 736 2710 Verlossoop
765 2605 872 2686 iimcc
895 2603 1189 2684 Gmmdslttcloes
1217 2607 1258 2683 io
1286 2601 1503 2706 andepos
1522 2599 1632 2679 Laoc
1657 2625 1709 2680 ao
1731 2599 1778 2678 tt.
1801 2598 2016 2726 diobolcod,
2047 2600 2085 2679 J.
2112 2597 2237 2680 Oldcc

926 2753 1077 2842 erodii.
1107 2751 1292 2856 libysord.
1353 2752 1467 2853 1u17,
1498 2754 1591 2832 doci
1618 2752 1656 2832 ll.
1677 2751 1712 2853 ¹)

554 2939 702 3004 Nouerint
724 2936 856 3000 uniuersi
877 2952 935 3016 per
955 2943 1112 3014 presentes
1141 2949 1198 2998 nos
1224 2932 1374 2996 'lbumsm
1399 2931 1551 3010 Flcrrcrs,
1588 2933 1789 3016 armigerum,
1822 2941 1853 2997 et
1879 2930 2077 3009 Alduocium,
2112 2949 2235 2997 uxorem

402 3073 511 3134 meam,
534 3065 703 3120 ottornssse
724 3055 753 3118 el
776 3055 843 3118 loco
866 3062 970 3118 nostro
992 3055 1132 3134 posuisse
1152 3050 1295 3116 dileuum
1318 3051 1405 3115 nobis
1427 3052 1458 3114 in
1479 3049 1601 3115 Cbristo
1622 3049 1794 3114 lobsnnem
1815 3049 1971 3134 Yngrnm,
2004 3052 2102 3114 ciuem
2124 3060 2154 3113 et
2177 3053 2237 3131 pis·

401 3177 555 3239 cerarium
580 3171 592 3256 Pl
618 3172 755 3252 London,
779 3181 916 3236 nostrum
937 3187 1042 3236 rerum
1064 3179 1093 3234 et
1114 3171 1282 3252 legitimum
1304 3176 1506 3246 ottornstum,
1537 3169 1576 3232 sd
1597 3167 1830 3233 deliberandum
1851 3169 1915 3232 rice
1935 3186 1972 3233 ec
1995 3169 2116 3233 nomine
2131 3177 2236 3233 nosmo

400 3292 532 3358 Ricardo
553 3291 720 3368 Bolelsnd,
744 3292 803 3355 ciui
825 3298 855 3352 ct
875 3289 1047 3370 piscenerio
1070 3287 1212 3366 modun,
1235 3286 1391 3351 Willelmo
1414 3285 1515 3350 Oldeu
1536 3295 1566 3350 ct
1587 3286 1707 3370 liugero
1730 3284 1880 3368 Twyiord
1901 3287 1948 3350 vel
1971 3287 2021 3350 eni
2042 3301 2148 3352 eorum
2172 3287 2237 3368 plo-

402 3427 472 3474 oem
495 3405 741 3498 possessionem„
756 3407 768 3486 tl
805 3415 834 3471 et
855 3407 1014 3484 pscidccm
1036 3407 1178 3470 seisiunm
1201 3406 1232 3469 in
1255 3413 1318 3469 toto
1340 3403 1394 3470 illo
1416 3411 1586 3468 tenemento
1608 3420 1678 3468 oum
1699 3405 1781 3476 lero
1810 3403 1966 3469 ediscente
1988 3421 2025 3468 nc
2047 3420 2115 3468 cum
2139 3405 2236 3470 omui·

400 3531 456 3593 bus
478 3528 548 3595 eliis
569 3526 851 3603 commoditatibus,
881 3525 1065 3588 aisiamentis
1095 3532 1124 3586 et
1145 3524 1332 3602 pertiuentiis
1353 3522 1490 3603 predicto
1519 3529 1688 3586 tenemento
1710 3530 1741 3586 et
1760 3523 1842 3604 keyo
1864 3522 2123 3602 qualitercumque
2145 3525 2237 3604 perti·

400 3648 550 3723 uentibus,
572 3647 689 3710 situatis
705 3647 737 3708 iu
765 3640 776 3724 l
802 3642 919 3708 venelia
936 3650 1042 3706 vocata
1057 3641 1304 3723 Wyndcgoslene
1323 3641 1353 3704 in
1370 3639 1515 3719 parocbia
1532 3643 1667 3705 omnium
1679 3643 1716 3720 ⁹]
1735 3640 1774 3705 sd
1786 3640 1888 3705 lenum
1899 3639 2047 3719 London,
2069 3641 2236 3706 moundum

351 3821 355 3828 ,
401 3767 476 3843 vim,
504 3763 635 3828 formam
657 3772 687 3826 et
708 3762 846 3826 effectum
868 3761 1026 3826 cuiusdam
1048 3767 1130 3822 corte
1150 3757 1332 3823 ieuffamenti
1353 3774 1410 3837 per
1432 3775 1488 3822 nos
1509 3756 1646 3838 prelatos
1667 3756 1816 3822 Tbomsm
1837 3766 1867 3822 et
1888 3757 2068 3823 Aldunciem
2090 3760 2235 3838 predictis

399 3882 545 3959 Ricardc,
574 3880 732 3946 Willelmo
753 3888 782 3943 et
803 3879 924 3962 liugero
946 3879 1017 3942 inde
1039 3876 1183 3942 coniecto.
1232 3874 1342 3940 ilatum
1368 3875 1500 3941 babituri
1522 3884 1552 3940 et
1572 3884 1692 3958 mlum
1721 3875 1866 3956 quicquid
1894 3875 2048 3958 predictus
2068 3876 2234 3953 lebannes,

400 4008 569 4064 attornetus
599 4007 717 4075 noster,
750 3999 814 4062 vice
839 4015 876 4061 ec
905 3998 1027 4060 nomine
1054 4003 1159 4058 nostro
1185 3995 1217 4056 iu
1245 3995 1402 4073 premissis
1423 3991 1528 4057 fecerit
1549 4010 1606 4073 pro
1629 3995 1741 4058 seisiuo
1764 3993 1976 4072 deliberande,
2009 4003 2101 4075 prout
2121 3995 2234 4060 ibidem

401 4126 470 4181 tunc
493 4118 638 4195 temporis
653 4116 855 4195 personaliter
870 4117 1096 4179 interessemus.
1129 4112 1161 4175 ln
1183 4114 1268 4177 cuius
1291 4114 1334 4174 rei
1352 4112 1555 4176 testimonium
1572 4112 1763 4192 presentibus
1784 4113 1886 4194 sigilla
1903 4123 2007 4177 nostru
2023 4115 2234 4194 opposuimus.

400 4237 508 4302 lictum
529 4243 638 4315 quarto
659 4234 708 4300 die
729 4235 841 4298 mensis
862 4234 955 4311 lunii,
977 4247 1058 4296 nono
1081 4232 1167 4314 regni
1190 4229 1309 4293 ilenrici
1331 4231 1428 4308 quinti
1450 4237 1519 4308 post
1541 4237 1737 4309 conquestum
1760 4231 1878 4309 quinto.

397 4459 559 4542 LXIV.
609 4461 675 4542 ilo.
690 4460 867 4558 Fctum,
898 4455 1047 4562 Korope,
1077 4455 1160 4536 mod
1189 4455 1332 4535 descen
1361 4453 1537 4558 Ebefruu
1565 4453 1797 4535 coetaneo
1827 4455 1914 4534 dem
1941 4454 1989 4534 li
2014 4455 2231 4558 Bolselcod,

451 4613 506 4692 W.
536 4611 660 4694 Oldco
688 4611 772 4690 uod
799 4609 846 4688 lt.
883 4606 1064 4715 libysord
1090 4607 1152 4688 ibo
1185 4605 1434 4687 Gmmdslttolo
1463 4606 1545 4687 ond
1573 4605 1663 4713 Koy
1700 4611 1742 4686 io
1779 4606 1949 4712 Wyrcpos
1978 4607 2087 4688 tace
2119 4608 2195 4713 cus

690 4767 855 4866 semoy
879 4760 1001 4841 Jclrc
1028 4759 1098 4863 silc
1126 4757 1182 4838 66
1203 4759 1288 4838 ist.
1320 4756 1372 4837 13
1393 4757 1450 4837 eit.
1480 4759 1507 4837 d
1522 4757 1581 4864 ps.
1641 4758 1756 4860 1t17,
1787 4759 1881 4860 domi
1902 4760 1939 4838 ll.

551 4944 611 5007 llcc
632 4943 790 5006 ludentum
813 4942 893 5006 inmo
915 4945 994 5006 luter
1014 4939 1162 5004 Tbomeru
1184 4937 1330 5017 Flemus,
1352 4940 1549 5022 armigerum,
1571 4945 1600 5002 et
1621 4936 1813 5018 Alduncinm,
1842 4955 1965 5004 uxorem
1988 4941 2063 5018 cius,
2086 4955 2125 5006 et
2145 4952 2231 5023 perte

397 5082 465 5143 vua,
487 5072 517 5127 ct
531 5061 695 5125 Ricardum
717 5059 882 5138 bristoud,
905 5061 1003 5124 ciuem
1024 5068 1054 5123 et
1074 5057 1278 5140 piscenarium
1295 5055 1443 5135 London,
1464 5055 1655 5121 Willelmum
1675 5055 1776 5122 Olden
1798 5066 1827 5122 et
1848 5056 2001 5140 liugerum
2023 5057 2172 5141 Twylord
2194 5079 2229 5124 er

525 5307 530 5318 '
552 5314 576 5381 ¹)
603 5312 662 5366 Ans
681 5313 742 5366 dem
761 5313 902 5378 orlptoele,
922 5311 1046 5366 rretcbem
1065 5311 1167 5365 eonocb
1185 5311 1227 5364 sio
1247 5309 1333 5376 slepa
1352 5311 1473 5375 subtoqt.
1647 5309 1675 5376 ²)
1700 5309 1774 5364 Μ
1791 5309 1958 5364 Sroetcrnm.
