4716 6330
425 651 484 732 83
1203 639 1312 734 totu,
1338 643 1403 714 usi
1430 639 1489 714 tt.

429 937 512 1000 nium
535 935 606 1000 huic
628 935 760 1014 presenti
782 940 886 996 nostre
907 931 1009 1014 sigilio
1032 939 1136 996 nostre
1158 932 1368 1010 opposuimus,
1390 925 1547 994 wittetmo
1565 925 1701 994 tierowe
1722 936 1794 994 ωηο
1816 931 1930 995 meiere
1952 930 2084 996 cittitetis
2101 929 2253 1012 modone,

427 1055 566 1120 iohanne
587 1053 676 1136 Yong
703 1060 733 1115 et
754 1051 872 1116 Thomu
895 1049 1068 1133 Ouiegreue
1096 1056 1167 1111 tnnc
1197 1048 1420 1111 vicecomitibus
1449 1046 1584 1112 eiusdem
1612 1048 1758 1125 ciuitatis,
1793 1063 1828 1112 ec
1849 1048 1988 1114 ιΙοωωηο
2008 1047 2173 1133 lietheriey
2194 1061 2255 1118 tuuc

428 1175 510 1241 iiiios
532 1173 638 1244 waste
660 1171 867 1237 etdermenoo.
907 1168 976 1264 ‘iliis
998 1168 1141 1234 testibus:
1165 1164 1323 1230 Wiilelmo
1345 1163 1510 1243 eurotam,
1531 1164 1669 1230 totsme
1691 1164 1779 1246 Gillo,
1800 1167 1917 1234 tuone
1934 1168 2090 1251 Reymond
2113 1178 2144 1235 et
2164 1172 2256 1238 multis

426 1296 507 1359 otiis.
551 1293 660 1357 Detum
682 1289 830 1368 Loncium,
861 1287 1089 1369 quartodecimo
1110 1286 1159 1350 die
1181 1287 1294 1353 mensis
1317 1283 1398 1363 ninii,
1421 1301 1502 1350 enno
1524 1287 1610 1368 regni
1633 1288 1716 1368 regis
1737 1284 1858 1351 iteuriei
1879 1289 1957 1353 sexti
1978 1298 2048 1369 post
2068 1300 2255 1372 conquesto·

429 1412 537 1496 Anglie
558 1411 710 1476 tricesimo
732 1417 853 1490 quarto.
1950 1405 2115 1474 Plummcn.
2339 1381 2340 1396 ¹

341 1697 347 1706 ·
427 1666 630 1754 XCVIII.
685 1669 900 1751 Vollmoclei
930 1668 1108 1788 abscitum
1137 1669 1210 1750 dee
1231 1666 1383 1767 Riitere
1409 1617 1459 1746 ¹R.
1483 1664 1645 1754 Boteler
1674 1689 1747 1747 oon
1768 1662 1937 1775 Sedeley
1964 1669 2047 1750 cred
2068 1669 2106 1748 J.
2132 1667 2257 1749 Herode
2339 1653 2340 1660 Ν

975 1821 1051 1924 auf
1082 1821 1138 1898 W.
1162 1821 1352 1922 Beontfits.
1413 1817 1530 1921 1456,
1563 1819 1645 1898 Mai
1673 1817 1733 1898 14.

584 2008 729 2072 Noueriot
750 2006 883 2070 uniuersi
910 2021 967 2086 per
994 2012 1150 2084 presentes
1179 2019 1236 2068 nos
1258 2000 1452 2084 Reduiphnm
1478 2001 1614 2080 Boteler,
1643 2002 1786 2078 mititem,
1815 2001 1972 2066 dominon
2000 2002 2040 2068 de
2059 2001 2207 2086 strueres,
2233 2015 2257 2074 et

428 2127 598 2194 Iohannem
608 2125 711 2191 Henete
728 2126 886 2201 iuniorem,
909 2123 1105 2206 armigerum,
1129 2121 1247 2198 iecisse,
1275 2119 1286 2204 ss
1313 2119 1482 2198 ordinasse,
1505 2121 1697 2188 constituisse
1714 2129 1744 2186 et
1765 2120 1834 2184 toco
1850 2128 1955 2186 nostro
1971 2123 2112 2202 posuisse
2127 2123 2256 2188 dilectum

431 2246 520 2312 nobis
542 2249 572 2308 io
595 2242 719 2310 Christo
741 2242 933 2308 willelmum
955 2241 1086 2308 Beeufltz
1110 2249 1247 2306 nostrum
1270 2255 1374 2304 verum
1396 2248 1425 2304 et
1446 2239 1614 2324 legitimum
1636 2245 1819 2306 ottorootnm
1840 2241 1881 2304 td
1903 2240 2133 2326 deliberandum
2155 2259 2210 2324 pro
2236 2239 2246 2325 u

430 2366 519 2430 uobis
541 2373 571 2449 et
597 2366 719 2428 nomine
749 2370 853 2426 nostro
874 2361 1020 2437 tonsum,
1048 2362 1248 2439 permissione
1275 2358 1380 2423 diuina
1402 2358 1505 2424 teneti
1532 2359 1708 2424 monasterii
1728 2359 1825 2424 sancti
1845 2357 1972 2436 titoni,
2001 2369 2032 2424 et
2053 2361 2187 2426 eiusdem
2208 2362 2259 2425 toci
2340 2365 2341 2396 ¹

430 2485 594 2550 concentui
616 2484 663 2546 eet
685 2497 792 2548 eorum
814 2485 843 2544 tn
866 2481 924 2546 hec
947 2489 1033 2562 perte
1055 2488 1137 2545 certo
1163 2476 1175 2562 ss
1203 2485 1355 2544 ettornnto
1377 2476 1498 2557 plenem
1521 2485 1551 2542 et
1578 2477 1737 2558 pecifleem
1764 2479 1906 2542 seieiuem
1928 2496 1964 2544 ec
1986 2485 2208 2560 possessionem
2227 2483 2258 2546 de

430 2613 460 2669 et
481 2605 513 2667 in
535 2610 597 2668 toto
619 2602 675 2666 ilio
704 2608 873 2666 tenemento
901 2608 1007 2664 nostro
1035 2615 1103 2662 cum
1133 2597 1214 2679 keyo
1243 2595 1399 2692 adiacente
1420 2593 1502 2678 (eee'e
1523 2594 1560 2662 ἑο
1583 2593 1648 2663 Νη.
1667 2591 1814 2678 XCVI.)
1835 2597 1993 2664 cuiuedem
2019 2609 2103 2664 uerte
2132 2617 2187 2681 per
2211 2619 2258 2665 nos

433 2722 522 2786 dietis
544 2721 647 2786 abbati
669 2727 699 2784 et
720 2721 881 2784 concentui
904 2717 974 2783 inde
997 2715 1149 2794 coniecto,
1180 2724 1279 2780 retum
1301 2723 1330 2778 et
1352 2722 1472 2797 gratum
1494 2715 1640 2780 hebentes
1662 2725 1692 2780 et
1712 2717 1847 2782 habituri
1869 2724 1963 2783 totum
1985 2726 2015 2782 ct
2035 2720 2180 2800 quiequid
2200 2737 2261 2802 pre·

432 2842 531 2906 uictos
553 2846 723 2903 ettomntus
745 2846 848 2902 noster
869 2837 990 2902 nomine
1012 2843 1117 2900 nostm
1139 2832 1245 2898 iecerit
1266 2835 1297 2899 io
1315 2837 1484 2916 premissis.
1517 2833 1549 2900 in
1566 2838 1653 2902 ouius
1671 2838 1714 2900 eci
1735 2837 1943 2902 testimoninm
1959 2839 2151 2918 presentibus
2169 2839 2259 2923 sigito

431 2967 536 3025 nostre
558 2959 768 3040 opposuimus.
811 2955 921 3022 Delum
944 2952 1194 3034 quartodecimo
1216 2953 1265 3020 dic
1291 2954 1403 3020 mensis
1425 2953 1513 3031 titii,
1541 2969 1623 3018 enno
1651 2957 1737 3038 regni
1765 2957 1846 3038 regis
1868 2955 1986 3022 {leutici
2008 2960 2087 3022 meti
2108 2967 2179 3040 post
2198 2975 2259 3022 oon-

431 3087 571 3158 questum
593 3077 701 3160 Anglie
723 3076 875 3140 tricesimo
897 3081 1017 3153 quarto.
1953 3075 2117 3142 itinero.

430 3281 593 3386 x'tilx.
639 3302 783 3406 Beselrl
812 3304 884 3382 deo
906 3299 1074 3406 Kouipee
1105 3326 1158 3380 ore
1183 3301 1259 3382 deu
1281 3300 1415 3404 Muyor
1439 3325 1513 3381 vore
1535 3299 1696 3383 ennom
1718 3325 1788 3382 etse
1820 3301 2113 3407 Uetersuceeeeq
2141 3326 2260 3406 coepere

461 3458 531 3538 dor
567 3455 857 3559 Uebertropoup
888 3454 959 3534 der
982 3453 1140 3534 Hiioecr
1169 3459 1210 3532 ἑο
1241 3445 1458 3557 Wyodcpos
1480 3452 1589 3533 Ioue
1619 3479 1672 3532 oo
1702 3455 1766 3533 dio
1788 3454 1904 3534 Abies·
1932 3479 1980 3534 nu
2011 3452 2069 3535 Si.
2091 3454 2236 3535 Albane

847 3607 929 3686 uod
959 3605 1218 3710 desfnllse'per‘
1243 3604 1415 3686 Bericht.
1477 3603 1594 3707 1456,
1626 3605 1709 3685 Moe·
1738 3603 1796 3684 te.
1817 3603 1853 3706 ι)
1963 3604 1976 3700 f
2091 3632 2096 3648 ·

523 3805 528 3814 ·
585 3789 650 3854 Rex
676 3789 787 3854 diiecto
814 3789 872 3853 sitii
894 3785 1051 3851 Wiiietmo
1073 3787 1227 3864 Marone,
1262 3770 1370 3850 meieni
1392 3786 1526 3850 ciuitatis
1546 3777 1647 3851 nostre
1668 3763 1792 3852 Londm
1816 3789 1851 3851 ec
1873 3789 2020 3852 eseeetori
2040 3797 2145 3854 nostro
2166 3759 2197 3853 in
2217 3807 2259 3852 ee-

433 3911 501 3976 dem
525 3911 662 3987 ciuitate,
697 3908 835 3972 satutem.
880 3906 1068 3988 Precipimus
1089 3907 1158 3984 tibi,
1192 3904 1273 3987 quot
1302 3921 1359 3984 per
1384 3911 1608 3973 sacramentum
1634 3907 1801 3987 proborum
1829 3915 1858 3970 et
1885 3907 2031 3990 legalium
2055 3907 2260 3974 hominumue

433 4030 547 4096 belliue
571 4036 638 4104 tue,
667 4043 727 4107 per
749 4041 827 4105 quos
849 4028 892 4090 rei
915 4027 1024 4092 ventes
1046 4026 1155 4092 meiius
1177 4025 1250 4090 sciri
1271 4024 1398 4104 poterit,
1430 4023 1594 4109 diligenter
1617 4027 1771 4106 inquires,
1804 4027 1831 4092 si
1853 4030 1892 4091 sit
1927 4023 1939 4106 Ιι
1977 4026 2016 4094 eet
2037 4026 2201 4109 demptum
2221 4025 2260 4089 rei

433 4147 633 4228 preindicium
655 4153 791 4210 nostrum
813 4153 866 4210 out
887 4143 1028 4222 eliorum,
1051 4147 1078 4208 si
1100 4141 1302 4208 concedemus
1323 4141 1484 4224 liudulpho
1499 4142 1625 4212 Boteler.
1641 4142 1678 4210 ue
1696 4140 1838 4226 Sudeley,
1854 4144 1961 4224 mitio,
1983 4143 2259 4212 ettotnnorttenuc

432 4269 555 4344 iuniori,
578 4266 742 4350 armigero,
765 4262 848 4344 quod
869 4263 928 4346 ipsi
951 4278 1042 4328 vnum
1065 4263 1254 4344 mesnagium
1276 4262 1342 4328 siue
1364 4269 1567 4330 tenementum
1583 4259 1603 4344 (
1610 4259 1673 4330 eoe'e
1690 4261 1727 4328 e‘o
1741 4257 1804 4330 No.
1821 4259 1885 4328 itu
1893 4259 1926 4328 t.
1940 4260 1992 4330 oe's
1999 4265 2019 4346 )
2036 4267 2258 4346 imperpemom

410 4405 491 4468 ‚que
513 4387 557 4452 eis
578 4401 635 4466 per
656 4384 761 4448 literas
783 4390 902 4448 nostres
923 4388 1062 4461 potentes
1084 4397 1182 4460 nuper
1203 4381 1409 4446 concessimus
1430 4379 1625 4462 occurrente.
1670 4381 1795 4447 Necnon
1816 4390 1846 4448 et
1865 4384 1892 4446 ei
1913 4383 1955 4446 sit
1974 4382 2013 4448 ed
2035 4383 2201 4463 dompnum
2220 4380 2259 4446 net

433 4504 633 4588 preiuoioiom
655 4511 792 4566 nostrum
817 4502 882 4565 siue
903 4500 1051 4578 eliorum,
1081 4509 1152 4564 ωηο
1173 4499 1213 4564 eo
1236 4499 1506 4578 ouoodempoum
1528 4507 1558 4564 et
1579 4499 1661 4580 queo
1687 4499 1887 4579 preiudiciuot
1910 4507 2047 4566 nosuum
2073 4509 2108 4566 et
2126 4504 2168 4567 eo
2189 4498 2260 4580 quod

432 4623 597 4703 dampnum
619 4629 650 4685 ct
670 4619 752 4702 quod
774 4618 974 4700 preiudioium
995 4619 1143 4696 eliorum,
1175 4633 1322 4700 quorum,
1352 4617 1482 4697 quattuor
1503 4624 1532 4680 et
1553 4633 1614 4697 quo
1637 4618 1728 4684 modo
1749 4625 1787 4682 et
1800 4617 1838 4682 dc
1859 4633 1920 4698 quo
1944 4619 1990 4684 rel
2010 4620 2050 4685 ste
2071 4622 2180 4700 ombus
2199 4636 2261 4699 pre·

432 4743 523 4818 dicte,
546 4741 736 4824 mesuagium
759 4740 825 4802 siue
848 4745 1049 4805 tenementum
1071 4753 1140 4802 eum
1163 4737 1233 4802 keio
1255 4744 1406 4813 teneatur,
1429 4744 1459 4805 et
1480 4753 1536 4817 per
1556 4737 1638 4816 quot
1661 4737 1823 4806 seruicion
1846 4736 1891 4804 rel
1915 4738 2046 4818 queliter
2067 4746 2097 4804 et
2117 4737 2260 4818 quomodo

433 4870 463 4926 et
484 4867 630 4940 quantum
652 4859 750 4922 velent
772 4873 828 4939 per
849 4872 960 4922 cunum
983 4858 1015 4922 in
1036 4856 1177 4920 omnibus
1200 4856 1330 4924 entium
1353 4857 1437 4920 inste
1459 4871 1562 4922 rerum
1585 4855 1719 4926 notorem
1742 4854 1919 4934 eorundem,
1941 4865 1972 4920 et
1992 4860 2046 4937 qui
2067 4865 2097 4922 et
2118 4866 2190 4939 quot
2209 4858 2262 4920 sint

433 4978 526 5044 medii
547 4979 626 5042 inter
647 4992 702 5040 nos
724 4985 753 5039 et
773 4974 910 5056 prointus
931 4973 1125 5054 Redutphum
1136 4973 1256 5040 Βοωωο
1277 4981 1307 5048 et
1326 4972 1496 5040 Iohannem
1509 4972 1612 5038 Hende
1633 4973 1671 5038 de
1693 4977 1850 5058 mesuagio
1872 4977 1937 5040 siue
1959 4983 2129 5042 tenemento
2150 4983 2180 5038 et
2198 4975 2260 5038 teto

436 5145 747 5162 ‘'——ffl—

590 5265 613 5330 ¹)
642 5263 714 5318 Necti
734 5265 780 5316 der
799 5265 994 5328 gleichzeitigen
1013 5263 1150 5318 Iueehrttt
1167 5265 1215 5318 dee
1233 5267 1259 5317 to
1279 5265 1360 5327 Fotpe
1378 5265 1426 5316 stes
1445 5261 1610 5328 tontpttcireo
1625 5261 1726 5315 unetos
1745 5261 1881 5315 ertteiiteu
1900 5261 2258 5328 esurrectione-soteres

432 5353 479 5404 eni
494 5353 660 5416 Perpement.
