4716 6330
441 659 497 770 32
1212 653 1321 746 1409,
1347 655 1420 725 tuni
1447 651 1506 724 16.

439 944 603 1028 xntX.
652 948 729 1026 Der
756 945 970 1026 Geistliebe
1000 945 1065 1024 lu.
1091 942 1369 1046 Obornberlepn
1398 945 1605 1048 tibertrbpl
1636 943 1700 1022 die
1728 943 1808 1022 s'lun
1830 967 1903 1023 ooo
1927 943 1973 1020 ll.
2000 941 2167 1047 lophem
2193 946 2257 1024 und

443 1094 644 1183 Geooseere
666 1099 948 1180 tiberlnsseuen
966 1096 1251 1198 Grundelttclse,
1277 1103 1379 1176 eiust
1404 1095 1475 1176 des
1496 1095 1533 1174 J.
1550 1093 1697 1202 Slee'qb,
1723 1121 1775 1174 on
1795 1093 1844 1174 itt.
1860 1095 1916 1175 Le
1930 1093 2065 1198 Fenus,
2090 1095 2136 1174 tt.
2153 1095 2256 1196 Bauli,

538 1254 621 1334 uod
644 1253 708 1332 die
737 1251 978 1332 Geistlieben
1010 1249 1065 1330 W.
1090 1249 1320 1356 Bypppopes
1344 1250 1426 1330 uod
1448 1250 1486 1328 J.
1512 1247 1790 1330 Morlretstede.
1850 1248 1974 1350 1409,
2005 1250 2100 1330 Jaesi
2122 1248 2181 1328 16.

593 1381 762 1494 Omnibus,
803 1415 842 1480 ad
865 1431 942 1495 quos
965 1422 1120 1495 presentes
1142 1414 1230 1478 litere
1251 1415 1461 1492 peruenerint,
1492 1411 1626 1478 Thomas
1648 1409 1892 1495 Chamberleyn,
1920 1415 2064 1492 clericus,
2098 1413 2217 1478 salutem
2235 1417 2258 1476 in

2334 76 2345 604 l

442 1539 574 1604 homino
596 1539 832 1615 sempiternam:
867 1531 943 1598 Cum
967 1532 1115 1598 hirardus
1136 1529 1317 1610 Chaddesle,
1341 1531 1479 1609 olerieus,
1502 1549 1559 1611 per
1579 1531 1733 1612 quandam
1755 1540 1871 1596 eanum
1892 1548 1996 1610 suam,
2019 1532 2123 1598 dean
2144 1531 2259 1608 hendor,
2338 1576 2343 1601 .

442 1654 593 1740 decimali
616 1655 665 1720 die
683 1653 765 1732 lleii,
789 1669 867 1717 enno
890 1655 979 1734 regui
1000 1655 1080 1734 regis
1094 1649 1241 1716 Edwardi
1263 1652 1348 1714 tereii
1370 1667 1388 1712 a
1410 1658 1576 1730 oonquestu
1600 1649 1834 1734 quadragesimo
1856 1665 1948 1729 nono,
1965 1651 2001 1729 ¹)
2020 1649 2147 1716 dederat
2165 1660 2259 1716 deon·

442 1783 577 1840 cesserat
597 1773 730 1838 ilioardo
752 1771 891 1852 Lyouns,
907 1825 913 1836 .
927 1777 997 1834 tuuc
1023 1771 1082 1834 eiui
1104 1779 1134 1834 et
1155 1769 1355 1834 aldermanno
1376 1768 1520 1846 London,
1548 1776 1643 1834 totum
1667 1767 1743 1832 illud
1766 1777 1970 1833 tenementum
1989 1785 2060 1835 eum
2083 1771 2161 1851 layo
2185 1766 2195 1851 l
2217 1769 2260 1834 ad·
2343 1736 2344 1758 ἦ

442 1899 569 1971 iacente,
592 1909 662 1957 eum
684 1890 825 1955 omnihus
847 1892 910 1952 suis
933 1890 1132 1967 pertinentiis,
1155 1888 1236 1968 quod
1258 1887 1413 1968 quendem
1433 1887 1491 1952 luit
1508 1887 1615 1952 laoobi
1632 1886 1763 1966 Palmer,
1784 1897 1814 1952 et
1835 1887 1917 1967 quod
1939 1887 2062 1967 quidem
2080 1897 2259 1954 tenementum

440 2029 510 2078 oum
538 2013 619 2093 lsayo
640 2009 794 2074 adiacente
822 2009 899 2071 iacet
928 2011 959 2070 iu
982 2007 1192 2090 Wyngoslane
1218 2011 1248 2071 in
1276 2007 1422 2087 parochia
1451 2009 1586 2071 omniunt
1610 2003 1790 2072 Senatorum
1817 2007 1871 2070 ad.
1887 2005 1990 2070 lenum
2011 2005 2136 2072 Londnn
2163 2007 2173 2090 ΙΙ
2197 2011 2259 2070 inter
2344 2081 2345 2086 ,

439 2137 608 2196 tenemento
631 2137 701 2192 tunc
720 2126 875 2191 Bartholdi
900 2125 1062 2208 l'restlyng
1082 2143 1119 2188 ex
1141 2132 1227 2205 parte
1249 2126 1404 2201 orientali,
1428 2132 1456 2190 et
1478 2126 1590 2207 layum
1613 2126 1773 2190 tenementi
1795 2128 1892 2188 roseti
1915 2119 2213 2212 Eeterlpupesbnlle
2230 2143 2257 2188 er

440 2259 527 2329 parte
550 2245 741 2323 occidentali,
764 2255 794 2310 et
815 2261 925 2324 aquam
948 2243 1102 2308 Thamisie
1123 2261 1162 2308 ex
1182 2253 1270 2322 parte
1291 2245 1429 2322 australi,
1451 2253 1481 2308 et
1502 2251 1703 2320 tenementum
1726 2242 1928 2308 tunelledulli
1944 2243 2115 2328 lllakeneye
2135 2263 2171 2310 ex
2191 2254 2259 2326 parte
2344 2279 2345 2284 =

441 2368 623 2448 aquilonari,
646 2363 817 2429 habendum
836 2361 956 2442 prelato
976 2362 1106 2426 lilrardo
1123 2361 1257 2443 hyouns,
1283 2361 1443 2428 heredibus
1465 2371 1496 2426 et
1517 2365 1680 2444 assignatis
1702 2365 1767 2426 eius
1782 2365 1812 2426 in
1830 2371 2021 2444 perpetuum,
2043 2373 2136 2442 prout
2152 2365 2182 2427 in
2197 2365 2260 2428 dieta

441 2495 526 2551 earta
547 2485 668 2566 plenius
690 2492 736 2548 est
757 2498 946 2561 expressum,
971 2498 1007 2545 ao
1029 2489 1135 2562 postea
1157 2480 1300 2545 domiuus
1321 2479 1480 2558 llieardus,
1503 2497 1601 2560 nuper
1622 2498 1676 2544 rex
1697 2479 1825 2564 singlis,
1847 2497 1904 2560 per
1925 2481 2030 2546 literas
2051 2499 2125 2548 suas
2145 2491 2260 2564 patentes

441 2605 528 2669 datas
550 2603 753 2668 sextodecimo
775 2601 824 2665 die
845 2601 963 2678 llartii,
998 2617 1079 2664 anno
1101 2603 1187 2682 regni
1208 2601 1257 2664 sui
1277 2607 1380 2675 sexto,
1394 2601 1432 2677 ²)
1463 2598 1588 2664 dederat
1616 2609 1646 2664 et
1673 2607 1865 2665 concesserat
1883 2599 2015 2664 iohanni
2035 2597 2141 2686 Sln'qh
2166 2601 2261 2666 dietun

441 2730 642 2788 tenementum
664 2737 732 2785 eum
757 2721 836 2801 tayo
858 2735 926 2784 eum
950 2721 1013 2784 suis
1035 2721 1223 2800 pertiuentiis
1245 2735 1301 2799 per
1323 2733 1433 2784 nomeu
1456 2721 1542 2782 rnius
1564 2721 1712 2802 mesuagii
1735 2735 1804 2784 oum
1826 2717 1973 2796 wheruo,
2002 2736 2072 2784 eum
2095 2721 2261 2802 pertiuentiis

440 2845 472 2906 iu
488 2838 699 2923 Wyngoslane
721 2840 753 2902 iu
774 2837 882 2904 warda
905 2837 942 2902 de
958 2837 1113 2922 Douegate
1131 2837 1267 2915 london,
1291 2837 1373 2916 quod
1395 2836 1545 2908 luitdioti
1561 2837 1684 2904 ilieardi
1702 2835 1825 2918 Lyouns
1846 2847 1877 2901 et
1895 2839 1978 2917 quod
2000 2838 2039 2902 ad
2061 2839 2262 2918 dietunrnuper

440 2977 544 3045 regem
567 2961 725 3039 pertinuit,
759 2965 901 3039 tanquam
924 2965 1042 3022 escaeta
1065 2955 1199 3022 eiusdem
1222 2973 1319 3036 nuper
1341 2958 1440 3040 regis,
1475 2973 1510 3020 eo
1533 2956 1614 3036 quod
1643 2957 1798 3037 predictus
1820 2955 1969 3021 llioardus
1993 2957 2155 3024 bastardus
2175 2957 2223 3022 tuit
2241 2963 2262 3018 et

440 3080 516 3144 obiit
537 3083 602 3144 sine
623 3077 734 3143 herede
762 3075 800 3140 de
828 3093 877 3154 se,
912 3075 1084 3142 habendum
1107 3075 1204 3141 eidem
1226 3075 1357 3140 iohanni
1379 3074 1486 3160 Sleigh
1515 3085 1545 3140 et
1574 3075 1736 3140 heredibus
1763 3077 1826 3140 suis
1853 3075 1891 3140 de
1919 3075 1999 3141 dieto
2027 3092 2127 3157 nuper
2153 3093 2217 3158 rege
2241 3083 2262 3136 et

440 3197 603 3262 heredibus
624 3198 655 3260 in
677 3203 875 3276 perpetuum,
911 3204 1002 3276 prout
1022 3197 1052 3260 in
1075 3195 1163 3260 dietis
1185 3195 1282 3259 literis
1309 3195 1380 3258 dieti
1408 3211 1505 3277 nuper
1531 3195 1612 3276 regis
1641 3195 1813 3274 patentibus
1842 3194 1961 3274 plenius
1989 3205 2165 3272 annotatur,
2195 3201 2263 3276 post·
2343 3163 2345 3248 l

440 3316 625 3395 modumque
652 3314 806 3395 predictus
826 3313 980 3378 lohannes
1001 3311 1104 3395 Steigh
1134 3329 1190 3393 per
1211 3329 1322 3377 nornen
1342 3312 1489 3378 lobannis
1510 3311 1631 3396 b'leigh,
1665 3314 1824 3397 armigeri,
1856 3331 1912 3394 per
1933 3323 2049 3380 nariam
2070 3331 2159 3380 suam
2179 3313 2262 3378 datan
2344 3335 2345 3354 t

440 3434 566 3500 Londou
595 3436 626 3498 in
647 3432 725 3498 lesio
752 3432 966 3498 decollacionis
993 3433 1090 3496 saneti
1109 3430 1257 3496 iohannis
1279 3433 1425 3511 baptiste,
1458 3449 1538 3496 anuo
1566 3432 1652 3513 regni
1680 3431 1752 3496 dieti
1781 3449 1879 3513 nuper
1907 3434 1988 3516 regis
2009 3432 2140 3500 llioardo
2166 3433 2263 3496 desino
2344 3459 2345 3476 i

441 3563 569 3631 octauo,
584 3553 621 3632 ³)
659 3554 738 3616 inter
759 3551 820 3616 alia
843 3553 873 3614 in
895 3549 1001 3616 eadem
1022 3555 1106 3615 sarta
1129 3549 1318 3631 speeiheata,
1352 3549 1493 3629 dederat,
1528 3559 1719 3616 eonnesseret
1747 3559 1776 3616 et
1804 3551 1909 3616 eadem
1939 3559 2023 3616 sarta
2050 3553 2264 3618 oonflrmauerrt

441 3671 599 3735 Willelmo
621 3670 752 3746 Pariter,
780 3676 851 3734 tuno
873 3671 932 3734 ciui
955 3677 984 3732 et
1006 3685 1143 3732 meruero
1166 3667 1307 3745 hondom
1335 3667 1466 3734 iohanni
1487 3667 1621 3751 llumsey
1649 3668 1688 3733 de
1710 3669 1854 3734 comitutu
1877 3667 2028 3735 Southsex
2050 3672 2114 3736 ium
2135 3669 2263 3736 delumtis
2344 3651 2345 3676 ¹

441 3799 471 3854 et
491 3788 623 3853 iohanni
644 3787 731 3852 West
752 3787 865 3852 dietum
889 3796 1089 3851 tenementum
1111 3803 1180 3852 eum
1202 3788 1283 3869 layo
1311 3803 1380 3851 uum
1409 3789 1473 3851 suis
1501 3789 1689 3866 pertinentiis
1715 3803 1772 3867 per
1794 3803 1903 3852 nomn
1925 3791 2061 3854 omnium
2083 3797 2224 3856 terrarum
2242 3793 2264 3846 et

441 3916 681 3973 tenementorum
698 3923 823 3972 suorum
843 3921 911 3970 eum
930 3904 1267 3984 wiraruts,·reduittbus
1289 3914 1318 3969 et
1339 3907 1482 3970 omnihus
1504 3907 1568 3972 suis
1583 3907 1783 3986 pertinentiis,
1806 3924 1865 3986 que
1887 3916 1958 3974 tune
1980 3907 2086 3974 hahuit
2109 3910 2139 3974 in
2161 3907 2264 3972 ciuitate

442 4026 579 4104 houden,
602 4025 774 4091 habendum
796 4035 826 4090 et
847 4023 1008 4090 tenendum
1029 4023 1173 4105 predialis
1195 4023 1351 4088 willelmo
1374 4025 1498 4105 Purher,
1519 4025 1651 4091 iohanni
1665 4025 1799 4108 llumsey
1817 4035 1848 4091 et
1858 4026 1989 4092 iohanni
2000 4027 2099 4106 West,
2123 4025 2264 4092 heredibus

443 4157 473 4211 et
495 4147 658 4228 assignatis
680 4148 754 4222 suis,
778 4146 1010 4226 imperpetuum.
1055 4141 1337 4223 subsequenterque
1359 4144 1457 4209 dietus
1472 4144 1627 4210 lohannes
1643 4144 1731 4210 West
1753 4155 1944 4227 perreriam
1967 4163 2054 4212 suam
2076 4147 2178 4214 dnum
2197 4139 2263 4224 apid

442 4264 630 4332 llnneworth
652 4265 682 4328 in
705 4265 848 4327 comitatu
871 4263 1053 4341 lliddleser,
1082 4278 1162 4326 anuo
1185 4265 1266 4346 regis
1287 4261 1407 4326 lleurioi
1430 4265 1530 4342 quarti
1554 4280 1650 4342 nono,
1677 4264 1766 4329 dietis
1788 4264 1945 4330 Willelmo
1967 4266 2082 4330 Purher
2103 4275 2134 4332 et
2153 4263 2264 4329 iohanni

442 4387 576 4466 liumsey
597 4394 669 4449 tune
691 4382 855 4459 delunotis,
879 4381 1016 4459 dederat,
1034 4389 1231 4472 qoneesserat
1252 4389 1281 4446 et
1303 4382 1408 4447 eadem
1431 4391 1517 4446 carta
1538 4400 1594 4448 sua
1616 4383 1849 4448 confirmaueret
1869 4383 2006 4450 ilionisio
2026 4384 2179 4467 hupham,
2200 4379 2264 4444 ileu

443 4506 508 4568 rino
531 4502 648 4567 Honore
669 4510 700 4565 et
722 4501 830 4578 miehi,
853 4500 991 4581 predicto
1013 4499 1129 4565 Thome
1151 4499 1392 4582 Chamherlepu,
1416 4501 1552 4581 olorinis,
1574 4502 1706 4567 iohanni
1727 4502 1885 4585 Norhury,
1909 4506 2080 4588 armigero,
2103 4513 2133 4569 et
2152 4499 2264 4566 lleurieo

442 4621 552 4689 &mer
573 4621 687 4686 dietum
709 4628 909 4686 tenementum
933 4635 1002 4684 oum
1025 4620 1105 4700 layo
1128 4635 1164 4682 ae
1186 4621 1326 4685 omnibus
1348 4621 1536 4700 pertinentiis
1557 4623 1621 4686 suis
1643 4638 1699 4703 per
1721 4638 1831 4688 nomeu
1860 4625 1996 4688 omnium
2018 4631 2168 4688 terrarum
2187 4627 2213 4684 et
2232 4625 2266 4680 te·

443 4711 653 4808 ramentorum
682 4741 780 4820 ipsius
801 4738 949 4803 iohannis
971 4735 1076 4815 West,
1104 4754 1174 4802 oum
1195 4737 1350 4816 wharuis,
1385 4739 1552 4806 redditibus
1574 4749 1604 4804 et
1624 4742 1690 4806 suis
1711 4743 1918 4822 pertinentiis,
1953 4758 2013 4822 que
2034 4749 2105 4806 inne
2127 4739 2224 4805 hebuit
2241 4735 2266 4796 in

444 4863 566 4926 etuinre
587 4859 728 4937 London,
762 4857 933 4923 habendum
964 4865 993 4921 et
1019 4856 1181 4922 tenendum
1211 4857 1297 4922 dietis
1319 4857 1471 4937 ilionisio,
1504 4857 1634 4923 ilenrico
1656 4858 1775 4925 lienore
1804 4879 1839 4926 ao
1865 4861 1971 4939 miehi,
2003 4861 2140 4943 predicto
2167 4857 2266 4922 utrm

445 4978 686 5059 Chamberleyn,
718 4977 850 5042 iohanni
879 4976 1022 5058 Norbury
1050 4985 1079 5041 et
1107 4975 1237 5042 ilenrioo
1266 4975 1375 5043 Somer
1401 4985 1431 5040 et
1457 4976 1619 5042 heredibus
1648 4979 1724 5058 mei,
1759 4979 1830 5045 dieti
1858 4981 1975 5046 Thome
1995 4978 2212 5059 Charuherleyn
2237 4988 2266 5034 tt

444 5101 595 5165 dietorum
607 5096 745 5175 Dionisii,
768 5095 889 5160 lleuriei
908 5095 1037 5173 lleuore,
1060 5096 1206 5162 iohannis
1216 5095 1357 5178 llorbury
1374 5106 1405 5162 et
1420 5095 1540 5162 lleuriei
1552 5093 1661 5164 Sumer
1677 5099 1706 5161 in
1726 5109 1918 5179 perpetuum.
1949 5101 1988 5165 lit
2005 5109 2112 5182 postea
2130 5095 2265 5181 predictis

603 5351 627 5415 ι)
659 5347 732 5415 1375,
752 5351 807 5404 blei
828 5349 867 5404 itt.
1030 5349 1056 5416 ²)
1087 5348 1159 5417 1³8³,
1178 5351 1250 5403 lltra
1271 5350 1310 5404 lli.
1473 5355 1499 5418 ³)
1529 5351 1603 5418 tuot,
1622 5349 1788 5418 huqustlll.
