4678 6332
649 667 652 674 ⁴
795 659 904 755 rere,
930 660 1112 733 mererer
1135 661 1192 732 ro.
1856 663 1913 746 so

95 949 179 1030 puerei
201 955 275 1026 post.
288 949 487 1025 moestum
508 941 636 1022 denno,
659 942 793 1022 (κάη,
816 953 1007 1012 coemeret
1028 953 1058 1010 et
1080 946 1186 1010 endenr
1208 953 1293 1010 enrtn
1314 961 1369 1012 erre
1391 945 1626 1012 eonllmnuernt
1646 945 1749 1010 lieren
1766 944 1915 1028 teliepre

94 1079 117 1133 et
136 1067 216 1130 notis
235 1064 364 1144 preinde
383 1062 517 1129 llleerde
538 1061 633 1140 Beni,
657 1062 812 1129 Writetno
832 1063 1016 1148 uygpynges
1035 1073 1067 1129 et
1085 1063 1431 1132 tonmnrttertersrede
1453 1073 1548 1130 toturn
1570 1064 1740 1145 predintum
1760 1074 1914 1130 memen-
2040 1069 2041 1074 ’

93 1195 145 1250 tom
159 1200 223 1249 eren
240 1184 321 1264 irps
333 1183 490 1248 ndinoente
505 1183 536 1246 in
549 1184 669 1248 einitme
684 1181 811 1248 meten
825 1191 855 1248 et
869 1197 938 1248 em
950 1184 1096 1264 tennione
1110 1183 1179 1248 eliis
1192 1183 1466 1261 commonentus,
1484 1185 1661 1250 sumendi
1677 1193 1707 1249 et
1721 1185 1912 1264 pertinurits

91 1303 218 1385 predictis
241 1307 409 1366 tenemento
431 1308 460 1364 et
482 1302 564 1382 lrnpo
584 1301 844 1382 qualitercumque
866 1303 1095 1382 pertinentibus,
1118 1301 1291 1366 habendum
1313 1310 1341 1365 et
1359 1302 1518 1365 tenendum
1530 1301 1698 1381 predictum
1711 1309 1913 1366 tenementum

91 1437 149 1488 erm
168 1422 248 1500 lrnpn
269 1428 299 1484 d
320 1421 428 1488 ueteris
451 1419 735 1499 monumentis,
756 1427 789 1488 rt
808 1417 979 1502 prndioturn
1001 1430 1056 1498 ert,
1079 1420 1217 1500 pred'nto
1233 1417 1337 1486 Uerno
1359 1429 1388 1483 et
1408 1419 1497 1487 mors
1518 1417 1911 1499 medmrtettteerdessert,

89 1539 230 1604 willelmo
251 1537 434 1626 Byggynges
456 1545 486 1605 et
507 1537 638 1604 lolenni
660 1537 876 1616 Marketstede,
909 1537 1072 1604 beneditus
1098 1549 1130 1603 et
1159 1541 1322 1624 assignetis
1352 1540 1479 1618 nostris,
1513 1546 1605 1622 prout
1631 1541 1661 1602 in
1687 1540 1800 1605 eedem
1825 1547 1908 1604 certe

89 1658 195 1738 plenius
216 1630 327 1737 poterit
349 1672 509 1736 apparere.
555 1656 810 1736 Postmodumnne
831 1657 986 1736 predictus
1008 1657 1129 1722 llereus
1152 1659 1179 1722 le
1208 1658 1314 1738 Fieyre
1343 1676 1400 1738 per
1426 1661 1572 1738 seriptum
1601 1673 1690 1722 sunm
1711 1659 1814 1723 detum
1836 1659 1912 1722 duo-

88 1776 192 1838 decimo
213 1773 373 1852 distulit,
409 1775 490 1839 dieto
514 1791 592 1839 enno
615 1777 699 1859 regni
722 1775 794 1840 dieti
816 1777 897 1858 regis
920 1775 1054 1853 decimo,
1090 1777 1240 1840 remiserit
1269 1785 1297 1840 et
1319 1773 1503 1840 relnrnuerit
1524 1773 1612 1840 nolris
1633 1775 1758 1855 prelatis
1780 1776 1911 1840 llioerdo

87 1893 172 1970 trel,
193 1893 349 1960 willelmo
369 1891 553 1976 Byggpnges
573 1903 603 1958 et
622 1893 754 1959 hunni
772 1893 977 1960 rhemensem
998 1902 1095 1958 totrn
1118 1896 1165 1959 ins
1187 1904 1216 1958 et
1238 1896 1406 1973 elemenm,
1426 1911 1487 1974 nne
1508 1895 1614 1960 meir
1633 1912 1688 1960 seu
1710 1895 1911 1974 quouismodo

86 2013 188 2078 lairere
207 2013 320 2094 poterit
341 2013 371 2078 in
393 2019 457 2078 reto
479 2011 534 2076 illo
556 2021 725 2078 tenemento
747 2011 883 2093 pendete
902 2029 974 2077 enm
996 2014 1076 2095 lrepo
1098 2014 1264 2088 edienenie,
1287 2029 1355 2078 our
1373 2015 1516 2078 mnibus
1529 2015 1594 2078 ruis
1607 2015 1808 2095 pumenius.
1830 2013 1911 2093 quet

89 2132 229 2210 quendem
250 2129 308 2197 init
329 2131 459 2212 predieti
479 2130 587 2196 teneti
608 2129 743 2209 Pnlrner,
771 2139 862 2210 prom
882 2133 913 2196 in
936 2131 1043 2197 ende·
1060 2133 1179 2210 scripto
1199 2131 1321 2211 plenius
1343 2131 1455 2212 tiqner,
1484 2133 1630 2197 nnumdis
1651 2148 1718 2208 noe,
1740 2132 1911 2211 predietern

88 2249 237 2316 [licendum
262 2249 356 2328 Beni,
380 2250 568 2316 Willelmnnr
586 2251 785 2335 Bypgynws,
806 2251 962 2328 elerierrnr,
984 2259 1015 2314 et
1032 2251 1204 2316 dolrermem
1226 2250 1437 2328 llnrlretntetle,
1459 2251 1616 2330 eleriourn,
1638 2251 1806 2327 dimisisse,
1830 2250 1906 2316 tent·

86 2367 157 2432 lene
176 2376 205 2434 et
226 2369 284 2434 lrrre
307 2372 438 2450 presenti
460 2378 545 2436 neem
567 2379 671 2434 nostre
693 2369 1040 2434 mamertini
1062 2367 1254 2453 ltdyngtom
1278 2371 1399 2446 elenen,
1425 2376 1456 2434 et
1476 2369 1599 2454 liuponi
1617 2370 1795 2452 itonpmer,
1815 2371 1910 2434 nerui·

84 2503 158 2568 gero,
181 2495 274 2554 mrem
297 2489 464 2568 prodinunt
488 2495 690 2553 tenementum
712 2503 780 2552 enm
803 2490 883 2570 knpo
905 2489 1061 2552 ndinnente
1084 2491 1113 2552 in
1141 2490 1264 2552 einitnte
1286 2487 1411 2552 london
1439 2497 1468 2553 et
1497 2505 1566 2554 enm
1593 2489 1662 2554 eliis
1688 2487 1910 2554 comedenti·

83 2605 146 2682 ies,
172 2608 347 2672 esiemmtis
375 2615 406 2672 et
427 2609 615 2690 pertinentiis
637 2607 773 2687 prediere
795 2613 963 2673 tenemnrto
986 2613 1016 2672 et
1039 2608 1118 2689 inpo
1138 2607 1400 2687 qualitercumque
1420 2609 1659 2687 pertinentibus,
1687 2607 1859 2674 meudun
1880 2616 1911 2672 et

83 2726 234 2790 mendum
257 2727 425 2806 predietum
446 2733 647 2792 tenementum
668 2742 738 2790 enm
759 2726 844 2808 ispo
861 2735 892 2790 et
913 2727 1020 2790 meris
1127 2711 1334 2808 pertiuentiis,
1357 2734 1387 2790 rt
1408 2727 1580 2806 predmrnn
1598 2733 1664 2804 est,
1692 2727 1838 2806 predictis
1858 2727 1910 2792 lo·

83 2843 166 2908 trem
188 2844 367 2926 lkelpngton
395 2855 425 2910 et
452 2844 570 2928 liugom
593 2845 769 2926 ttonpner,
793 2843 955 2911 heredibus
977 2853 1007 2907 et
1026 2846 1190 2926 usmetis
1212 2847 1286 2923 suis,
1309 2845 1348 2909 de
1367 2846 1551 2926 eepitelilrrrs
1570 2845 1703 2910 dominis
1725 2845 1806 2910 ieodi
1828 2845 1910 2910 illies

54 2989 58 3000 ·
82 2979 130 3042 per
154 2965 298 3042 serniele,
333 2981 393 3045 qne
413 2965 453 3030 ed
473 2963 644 3045 prodietrrm
672 2971 874 3028 tennneutrnn
896 2972 926 3028 et
951 2964 1065 3044 lreprrrn
1088 2965 1247 3044 pertinent,
1269 2965 1502 3045 imperpetuum.
1546 2965 1579 3028 ln
1599 2965 1688 3030 ouius
1710 2967 1754 3028 nei
1776 2966 1910 3030 tertine-

82 3083 154 3146 nium
180 3084 252 3148 huie
279 3085 411 3162 presenti
441 3091 523 3147 certe
549 3091 652 3146 nostre
684 3081 785 3165 sigilla
815 3091 919 3146 nostre
949 3083 1157 3162 opposuimus.
1208 3082 1270 3146 iliis
1297 3083 1440 3160 testibus,
1474 3083 1606 3148 Roberto
1634 3081 1804 3165 Clryolrele,
1840 3095 1909 3149 tune

80 3205 187 3266 meiere
214 3171 351 3270 eirutrtis
375 3201 526 3279 lenden,
556 3199 692 3268 witern
720 3201 848 3278 Cotton,
875 3199 1015 3266 lolemm
1034 3199 1229 3281 iteyrrened,
1261 3205 1333 3266 trrrre
1354 3198 1579 3266 neemntrrtnr
1604 3199 1739 3268 eiusdem
1765 3197 1908 3282 eluiutit,

82 3317 219 3388 Nielrolao
234 3321 371 3398 wutron,
395 3329 466 3388 tene
487 3320 685 3386 eiderrnnnno
705 3319 785 3386 diere
804 3318 911 3417 ¹uuerde
932 3319 970 3384 de
993 3319 1306 3400 liuregrrte,ete1iis.
1345 3318 1454 3385 Datum
1477 3320 1612 3397 London,
1636 3325 1778 3386 rieesinro
1794 3331 1908 3404 onorio

81 3433 123 3500 die
143 3439 341 3517 Nouembris,
375 3455 456 3508 enno
479 3441 564 3522 regni
588 3440 667 3522 regis
688 3409 810 3504 llenrioi
831 3441 931 3517 quenti
954 3446 1023 3517 post
1044 3445 1242 3518 conquestum
1266 3438 1486 3502 terciodecimo.

79 3693 185 3779 tm.
237 3699 352 3803 Hoqo
386 3699 615 3802 dlorlprner,
662 3699 820 3805 Knnpe,
867 3697 1071 3826 dberlrdpd
1107 3703 1215 3779 sedne
1244 3698 1394 3779 Recole
1436 3699 1511 3803 ores
1541 3700 1604 3780 die
1638 3700 1909 3781 deindetendo

134 3859 173 3932 in
210 3853 380 3958 anpos
409 3852 517 3932 Lorne
549 3851 625 3956 ones
650 3853 726 3932 den
744 3851 998 3947 ,deterrentur
1026 3853 1064 3931 J.
1095 3851 1329 3969 llrelpnplon.
1392 3851 1507 3956 1113,
1539 3853 1749 3936 November
1775 3846 1844 3934 16(

223 4033 376 4098 Onniton
396 4031 510 4098 Christi
532 4033 682 4112 lideliins,
704 4033 743 4098 ed
764 4049 843 4112 qnos
863 4049 991 4114 presens
1011 4035 1156 4113 seriptum
1179 4035 1361 4112 monente
1384 4033 1472 4118 lingo
1493 4035 1671 4117 ltortpmer,
1692 4038 1838 4121 semiper,
1859 4053 1909 4102 sn·

78 4147 162 4216 intem
185 4155 216 4216 in
239 4153 372 4218 Duum
392 4153 619 4232 sempiternum.
670 4152 824 4217 Noueritis
852 4167 900 4218 me
927 4151 1078 4234 prelnturn
1105 4153 1263 4236 lingonen
1291 4153 1459 4232 remisisse,
1497 4150 1509 4227 11
1546 4155 1702 4220 relaxasse
1730 4165 1759 4220 et
1784 4159 1908 4220 omnino

76 4265 109 4331 de
128 4287 175 4334 me
196 4279 227 4335 et
248 4271 413 4335 insedibus
434 4273 509 4336 mn's
531 4274 562 4334 in
584 4279 763 4352 perpetuom
784 4273 920 4352 ‹pelemm
939 4271 1091 4336 elemense
1111 4271 1242 4335 dennuni
1263 4272 1453 4356 llrelyngton,
1475 4273 1601 4352 elerioo,
1622 4275 1786 4340 umerum
1806 4283 1838 4338 et
1857 4292 1908 4339 ns·

75 4389 195 4468 munds
216 4391 283 4454 suis
305 4397 400 4456 tntum
422 4391 469 4454 ius
492 4405 592 4454 menne
619 4399 652 4454 α
673 4391 838 4470 elemenrn,
860 4407 920 4469 que
957 4387 968 4469 ll
1005 4406 1137 4470 nequem
1165 4389 1273 4467 tatur,
1307 4391 1404 4456 habeo
1430 4367 1488 4455 ⁴see
1516 4393 1718 4471 quoniemodo
1745 4395 1777 4455 in
1805 4391 1907 4458 hiero

74 4503 179 4572 labere
200 4517 314 4589 potero
333 4509 529 4572 tn'ornniims
551 4509 613 4572 illis
634 4511 813 4574 tenementis
833 4525 903 4573 enen
924 4508 1047 4572 soleriis
1069 4515 1098 4572 et
1125 4509 1247 4572 eeleriis
1268 4518 1299 4572 et
1325 4510 1406 4591 liupo
1434 4509 1592 4574 mente
1613 4527 1648 4574 ne
1671 4511 1812 4576 omnibns
1840 4513 1904 4576 enin

76 4627 261 4700 pertinentiis
298 4623 310 4708 ΙΙ
345 4627 464 4691 situatis
487 4629 517 4689 in
539 4627 656 4692 renelln
679 4636 784 4692 ruente
806 4627 1028 4710 Wyngoslnne,
1057 4629 1089 4690 'nr
1117 4627 1225 4692 werdt
1251 4627 1290 4691 de
1310 4627 1466 4710 Douegnte
1493 4636 1522 4692 et
1549 4629 1579 4691 in
1601 4629 1749 4709 pervenis
1769 4631 1905 4694 emnia

76 4739 253 4810 Sanctorum
274 4745 313 4808 ed
335 4745 436 4810 lemur
459 4744 595 4810 london.
639 4744 709 4826 Qne
728 4745 849 4826 anten
873 4753 1043 4812 tenemeute
1065 4761 1133 4810 num
1162 4743 1300 4822 soleriis,
1338 4742 1351 4824 lt
1387 4744 1508 4810 eeleriis
1534 4755 1564 4810 et
1591 4748 1674 4827 impe
1698 4745 1856 4812 ndireente
1876 4757 1907 4812 et

75 4864 209 4928 omnibus
232 4869 299 4929 euin
319 4865 506 4946 pertinentis
528 4864 683 4945 quendem
704 4863 827 4929 inerunt
847 4863 994 4929 lmnnrrie
1014 4861 1131 4948 Sleigh,
1153 4865 1309 4948 armigeri.
1344 4865 1384 4928 lte
1408 4863 1553 4943 videlieet,
1576 4863 1658 4944 quod
1680 4879 1736 4929 nee
1758 4879 1816 4950 ege
1836 4881 1906 4945 prn-

76 4978 166 5045 dletus
186 4983 289 5068 lingo,
313 4999 367 5047 nee
389 4981 516 5048 lreredes
538 4985 607 5061 nei,
628 4997 685 5047 nee
706 4983 820 5064 eliquit
838 4983 917 5047 elius
938 4999 995 5064 pro
1017 4982 1106 5048 nelis
1126 4999 1182 5048 seu
1204 4987 1326 5047 nomine
1347 4989 1451 5046 nostro
1472 4981 1598 5063 nlinuod
1620 4987 1667 5048 ins
1682 4999 1738 5049 seu
1754 4981 1906 5052 denen·

76 5097 102 5160 in
122 5101 270 5177 predistis
290 5104 468 5166 tenementis
488 5119 558 5166 eum
579 5101 717 5180 selenis,
750 5102 871 5166 merlis
892 5110 922 5165 et
943 5103 1024 5183 tropo
1046 5100 1202 5166 sdiseente
1224 5117 1293 5166 orun
1313 5103 1455 5166 onmtns
1477 5105 1542 5167 suis
1567 5105 1776 5184 pertenentis,
1810 5121 1906 5185 nenne

76 5215 102 5278 in
123 5219 224 5301 eliens
248 5221 384 5300 pamella
407 5219 571 5286 eorundem
601 5219 639 5284 de
666 5229 766 5285 eetero
794 5222 932 5304 exigere,
966 5219 1100 5284 ete-ere
1121 5222 1167 5285 rel
1190 5221 1351 5286 rendierre
1372 5223 1540 5300 poterimus
1561 5225 1593 5285 in
1614 5221 1766 5300 inlunem,
1800 5231 1845 5287 set
1867 5223 1905 5288 ei

77 5338 151 5399 omni
172 5343 295 5404 entiae
315 5341 392 5404 ienis
412 5348 442 5406 et
463 5339 571 5404 elensi
593 5339 706 5418 elienid
729 5339 797 5404 inde
819 5339 940 5419 petendi
962 5339 1095 5404 mutter
1123 5341 1219 5404 simus
1246 5339 1362 5404 erelnsi
1389 5342 1420 5406 in
1445 5349 1626 5419 perpetuum
1653 5356 1709 5419 per
1736 5349 1904 5422 presentes.
