4834 6338
483 649 569 737 itit
1240 645 1348 743 tcto,
1374 649 1463 744 uper
1489 645 1548 720 tt.

481 946 580 1026 tegis,
607 949 701 1006 totum
727 947 928 1004 tenementum
955 944 1092 1002 nostrum
1119 949 1155 1000 sc
1181 937 1294 1017 layum
1316 935 1502 1000 adiacentem
1521 931 1614 999 dmni
1642 946 1711 997 uem
1739 933 1879 998 omnibus
1908 933 2187 1011 conmoditombes,
2214 937 2287 1000 sisic

483 1063 591 1126 tnentb
612 1069 641 1124 et
653 1029 763 1123 ceteris
784 1062 848 1122 suis
868 1057 1063 1136 pertinenciis
1080 1069 1115 1120 tte
1137 1055 1252 1119 iuribus
1273 1055 1522 1136 quibuscumque,
1544 1052 1687 1133 predictis
1708 1059 1877 1145 tenemento
1900 1061 1930 1117 et
1947 1053 2029 1134 ltayo
2049 1052 2289 1134 qutbtctuttmune

482 1180 701 1262 spectantibus,
731 1180 874 1241 situstnm
902 1177 932 1238 ln
954 1174 1089 1251 venelia,
1118 1181 1224 1238 routta
1245 1169 1511 1255 Wyndegnselene
1536 1175 1567 1236 in
1596 1171 1741 1254 perstitit
1764 1171 1909 1236 Omnitrm
1931 1171 2114 1238 &uotorum
2141 1173 2180 1238 ed
2205 1173 2288 1238 lenum

480 1298 686 1373 hominemne,
709 1295 822 1360 scilicet
843 1297 922 1359 inter
941 1301 1143 1358 tenementum
1164 1308 1261 1375 nuper
1281 1291 1484 1357 Bermolomei
1507 1292 1666 1374 iresliyng
1687 1306 1723 1355 er
1745 1301 1833 1373 parte
1852 1292 2002 1371 orientali,
2023 1299 2053 1355 et
2075 1294 2197 1374 layum,
2218 1309 2288 1357 roca·

481 1427 544 1481 tum
556 1412 882 1502 Esteripnpcsiiolle
904 1431 941 1481 et
962 1421 1049 1494 parte
1068 1413 1260 1492 occidentali,
1279 1423 1313 1476 et
1334 1426 1444 1494 aquam
1460 1411 1591 1476 mames
1613 1426 1649 1476 et
1671 1419 1758 1492 parte
1780 1413 1916 1491 nourrii,
1938 1422 1968 1476 et
1989 1419 2190 1476 tenementum
2209 1427 2289 1493 nuper

480 1535 631 1618 iisdnipbi
654 1535 808 1617 Bialteuey
828 1547 866 1598 er
888 1541 974 1613 parte
996 1532 1182 1612 aquilonari,
1212 1531 1293 1611 qttnd
1319 1531 1442 1612 quidem
1471 1537 1672 1594 tenementum
1700 1547 1769 1594 uum
1797 1532 1877 1613 ispo
1905 1531 2061 1596 adiacente
2083 1539 2113 1594 et
2133 1533 2195 1595 suis
2214 1535 2289 1612 perti

481 1655 594 1719 nenciis
622 1655 766 1735 predictis
804 1669 859 1718 nos
887 1652 998 1733 prelati
1025 1652 1119 1716 nbbns
1148 1660 1178 1714 et
1205 1659 1372 1714 contuentes
1405 1663 1504 1730 nepes
1530 1645 1693 1714 beboimtu
1719 1647 1807 1714 nobis
1835 1659 1864 1714 et
1889 1649 2117 1714 successorium
2143 1655 2245 1714 nosue
2266 1653 2290 1712 in

481 1784 660 1855 perpetuom
683 1788 721 1837 er
738 1773 819 1838 deno
837 1781 866 1836 et
883 1771 1074 1836 leolinmento
1090 1769 1242 1850 lindulpirt
1256 1765 1385 1847 Boteler,
1409 1769 1523 1847 militis,
1544 1784 1645 1850 nuper
1658 1769 1772 1834 domiui
1792 1769 1833 1833 de
1848 1766 1979 1851 sndetey
2000 1769 2192 1835 et·loltnnnie
2207 1769 2289 1834 ilende

481 1895 618 1969 iunioris,
640 1893 794 1976 armigeri,
818 1891 941 1955 licencit
965 1893 1049 1975 regin
1070 1889 1141 1954 inde
1161 1891 1263 1954 bebitn
1287 1899 1315 1955 et
1337 1895 1469 1970 optenta,
1490 1889 1663 1953 babendum
1684 1897 1714 1952 et
1736 1888 1895 1953 tenendum
1917 1889 2087 1970 predictum
2108 1897 2287 1954 tenementum

479 2029 549 2077 cnm
570 2015 651 2094 iteyo
673 2011 838 2089 adiacente,
861 2011 951 2075 simul
972 2025 1042 2075 eom
1063 2011 1204 2074 omnibns
1226 2011 1368 2090 predictis
1390 2007 1664 2086 commoditatibus,
1686 2005 1870 2074 aisiamentis
1892 2018 1921 2074 et
1940 2011 2050 2074 ceteris
2071 2011 2136 2073 suis
2156 2011 2287 2088 pertinen·

479 2133 534 2195 eiis
562 2149 599 2195 ae
625 2132 740 2196 iuribns
762 2131 924 2208 uniuerso,
953 2131 1096 2211 predictis
1123 2136 1290 2194 tenemento
1315 2137 1346 2192 et
1373 2129 1454 2210 layo
1484 2127 1742 2208 maldemumqtte
1764 2129 1986 2208 spectantibus,
2013 2128 2130 2194 eisdem
2153 2127 2287 2192 Wiiielnu

478 2251 613 2334 bruley,
636 2251 765 2315 tobnnni
786 2247 947 2330 Guntborp
969 2259 999 2313 et
1019 2247 1178 2313 Wilieimo
1199 2247 1335 2330 detetur,
1365 2247 1528 2312 heredibus
1549 2257 1579 2312 et
1601 2249 1762 2330 assignetis
1783 2250 1846 2312 sois
1868 2247 2014 2312 adesum
2037 2247 2172 2314 eittsdem
2192 2247 2285 2311 domini

479 2373 576 2454 regis,
599 2369 743 2434 heredem
766 2379 795 2433 et
816 2371 1038 2452 assignntomm
1060 2381 1184 2432 suornm
1207 2369 1237 2430 in
1257 2376 1455 2446 perpetuum,
1476 2376 1507 2430 et
1528 2367 1651 2430 ulterius
1668 2366 1880 2430 ordinabimus
1902 2373 1931 2430 el
1950 2369 2163 2432 constituimus
2180 2367 2286 2430 dilectu
2349 2361 2353 2372 '

479 2489 567 2554 nobis
588 2491 619 2552 in
641 2486 763 2553 (irrisio
784 2487 947 2552 liebertum
970 2483 1103 2567 Spayne,
1126 2488 1315 2564 scriptorem.
1359 2485 1396 2549 iit
1414 2485 1569 2568 lingonem
1587 2485 1726 2564 Watsnn,
1748 2487 1960 2567 piscennrium,
1982 2489 2063 2552 eines
2086 2487 2286 2562 bondonensts,

477 2617 600 2672 nostros
629 2620 715 2671 toros
746 2615 928 2684 attenuatos,
959 2607 1140 2670 coniunctim
1170 2611 1200 2668 et
1228 2603 1349 2670 dioislm
1378 2605 1416 2668 ad
1443 2603 1669 2670 deiiceroudam
1698 2605 1866 2686 pronubis
1890 2607 2287 2680 etsuccessotibusnostris,

478 2725 653 2805 plenumst
674 2723 832 2805 pacilicam
853 2727 995 2790 seisinam
1017 2725 1047 2788 el
1067 2728 1292 2805 possessionem
1314 2723 1352 2788 tle
1374 2713 1406 2788 el
1424 2727 1455 2787 in
1478 2725 1559 2788 dicte
1581 2731 1751 2788 tenemento
1771 2741 1841 2790 oum
1863 2727 1944 2808 ltayc
1965 2726 2125 2792 telenense
2144 2745 2181 2792 nc
2201 2727 2287 2791 celen‘s

478 2846 634 2927 premissis
654 2858 724 2908 cum
745 2845 938 2936 pertinenciis
959 2842 1086 2923 prelatis
1106 2841 1264 2907 Wilielmo
1287 2841 1414 2926 budiey,
1436 2843 1566 2908 iohanni
1590 2843 1749 2925 Guntlrnrp
1770 2854 1800 2909 ct
1816 2843 1972 2909 Wliielmo
1994 2845 2123 2931 Hetelyl
2139 2845 2287 2911 bobendon

479 2973 508 3027 et
530 2963 690 3028 tenendum
712 2963 786 3042 sibi,
813 2961 975 3027 heredibus
996 2961 1032 3037 ssei
1060 2963 1223 3045 resignatis
1244 2967 1307 3028 suis
1329 2964 1366 3027 ed
1389 2979 1474 3027 teum
1493 2961 1606 3043 prelati
1628 2964 1742 3028 domini
1761 2969 1860 3049 regis,
1888 2975 1920 3030 vt
1940 2967 2113 3046 predictum
2133 2976 2192 3044 est,
2220 2969 2285 3029 iuna
2355 2961 2356 2980 ³

479 3081 549 3160 uim,
571 3081 700 3147 lormam
723 3091 753 3146 et
775 3081 911 3146 edentum
933 3083 1083 3161 presentis
1103 3084 1186 3146 carte
1209 3090 1311 3147 nostre
1333 3083 1364 3146 in
1387 3093 1582 3164 perpetuum,
1612 3091 1711 3147 ratum
1738 3093 1767 3148 et
1792 3093 1912 3169 gratum
1934 3085 2081 3152 hebentes
2103 3097 2132 3152 et
2152 3087 2286 3151 bibituros

479 3209 573 3266 totum
596 3211 624 3266 et
646 3201 787 3283 quicquid
809 3201 880 3265 dicti
903 3203 1046 3266 attornati
1067 3203 1163 3266 nostri
1185 3219 1237 3266 seu
1258 3217 1364 3267 eorum
1387 3201 1464 3266 citer
1483 3205 1606 3266 nomine
1625 3211 1733 3268 nestro
1748 3203 1873 3269 moerim
1895 3205 1939 3270 vel
1962 3207 2066 3271 iecerit
2091 3213 2120 3271 in
2142 3207 2284 3288 premissis.

477 3321 509 3383 in
533 3323 619 3385 ocios
642 3325 684 3384 rei
706 3321 910 3386 testimoninm
932 3329 993 3384 tem
1016 3319 1148 3404 sigilium
1170 3319 1280 3401 prelati
1303 3321 1435 3399 abbatis,
1462 3339 1554 3402 quam
1575 3321 1710 3406 sigilium
1727 3339 1891 3390 commuue
1912 3325 2120 3406 predictomm
2141 3327 2248 3392 abbnds
2266 3331 2287 3384 et
2354 3291 2355 3332 ³

479 3449 643 3505 conuentus
664 3441 853 3521 presentibus
876 3448 946 3504 suut
967 3455 1119 3520 appense,
1148 3439 1279 3504 iloberto
1302 3439 1403 3522 [lrope
1424 3449 1496 3505 tune
1518 3444 1633 3506 maiore
1655 3443 1785 3507 ciuitatis
1806 3441 2031 3523 londonensis,
2058 3445 2175 3510 ¹ilicum
2197 3443 2287 3508 iiiilet

477 3559 635 3624 iidmundo
657 3557 738 3624 Sbae
763 3565 834 3623 tune
861 3559 1084 3624 vicecomitibus
1111 3559 1256 3636 ciuitatis,
1286 3577 1322 3624 ae
1343 3557 1459 3623 Tboma
1479 3557 1636 3626 fliedlowe
1659 3569 1734 3625 tune
1762 3563 1844 3627 iliius
1866 3565 1971 3628 warde
1992 3565 2199 3631 aidermauno.
2236 3559 2286 3624 iliis

481 3656 623 3744 testibus:
665 3677 820 3743 willelmo
856 3678 989 3760 cop-teu,
1023 3678 1160 3742 iohanne
1191 3676 1316 3756 stotes,
1350 3679 1486 3742 iohanne
1518 3679 1658 3759 Wotton,
1693 3681 1811 3744 Tboma
1838 3681 1971 3764 breper,
2008 3683 2139 3750 ilicardo
2167 3683 2242 3747 West
2263 3689 2284 3742 et
2353 3675 2354 3716 i

479 3799 581 3864 multis
602 3798 681 3862 aliis.
726 3797 833 3861 batum
857 3801 887 3861 in
910 3797 1094 3861 monasterio
1113 3805 1219 3861 nostro
1241 3797 1403 3874 antedicto,
1427 3801 1457 3861 in
1478 3797 1556 3862 lesio
1579 3801 1822 3865 annunciecionis
1843 3803 1930 3866 beate
1950 3803 2047 3868 blame
2070 3807 2202 3888 uirginis,
2220 3817 2283 3864 enno

478 3923 562 4000 regni
585 3919 666 4000 regis
687 3915 831 3980 Edwardi
853 3919 951 3995 quenti
972 3926 1043 3997 post
1064 3925 1259 3996 conquestum
1283 3911 1514 3995 quinlodecimo.

517 4169 723 4258 CXXIX.
776 4177 833 4258 W.
864 4177 1011 4280 musteo
1040 4180 1121 4258 uod
1154 4179 1353 4260 Gouoeseo
1384 4178 1603 4286 desidiipen
1634 4181 1720 4262 deut
1749 4182 1895 4289 Kbnt'pc
1923 4186 1985 4264 c’br
2016 4182 2251 4269 munusturi

852 4333 933 4412 und
961 4332 1045 4436 Καρ
1075 4339 1116 4411 io
1153 4332 1527 4440 Wpudepos-Looc.
1588 4333 1930 4442 1475,Apret17.
1994 4349 1999 4362 '

630 4513 732 4580 Sciant
759 4525 914 4594 presentes
944 4489 1215 4593 etluturi,t1uod
1235 4533 1310 4594 nos,
1344 4520 1489 4600 magister
1510 4515 1683 4582 Wiileimus
1704 4517 1840 4600 Dndiey,
1874 4521 2006 4586 decenus
2035 4525 2150 4604 capelle
2176 4515 2284 4598 hospicii
2351 4513 2352 4532 *

482 4633 723 4699 excellentissimi
741 4642 770 4697 et
786 4635 1024 4699 victoriosissimi
1041 4631 1052 4717 {i
1068 4635 1214 4715 principis
1224 4632 1381 4712 Edwardi,
1403 4633 1457 4698 Dei
1476 4636 1580 4716 mania
1598 4635 1799 4720 regisbngiie
1815 4639 1980 4706 etFrancie
1995 4652 2025 4706 et
2043 4637 2285 4708 dominiiiibemit

413 4795 417 4805 t
478 4757 588 4833 quarti,
612 4757 756 4836 magister
771 4751 923 4818 lebannes
936 4751 1110 4834 Guntborp,
1133 4752 1264 4816 decem
1281 4753 1409 4818 ecclesie
1425 4753 1606 4818 entbedreiis
1620 4753 1632 4836 fl
1648 4753 1820 4836 Weilensis,
1844 4769 1872 4824 et
1890 4761 2034 4844 magister
2047 4758 2213 4827 willelmus
2227 4755 2284 4819 iiat·

479 4870 552 4953 oiyl,
573 4869 753 4937 secbeterius
773 4871 881 4952 prelati
899 4873 1014 4936 domini
1032 4875 1124 4955 regis,
1140 4871 1330 4950 tredidimus,
1350 4872 1518 4938 dimisimus
1535 4883 1564 4938 et
1578 4875 1638 4940 bec
1650 4876 1783 4955 presenti
1802 4887 1884 4942 carta
1898 4889 2004 4944 nostra
2021 4867 2273 4952 mnbrmatimnsi

477 4990 599 5074 prelato
621 4991 745 5055 domino
767 4993 832 5074 regi
854 4997 948 5055 totum
967 4991 1045 5054 iliud
1068 4999 1271 5056 tenementum
1292 5000 1429 5056 nostrum
1451 4992 1624 5076 (wortlicd
1646 4993 1707 5061 scic
1729 4995 1810 5063 oben
1831 4995 1893 5064 No.
1908 4995 2006 5064 citi
2014 4994 2100 5065 Vtri
2118 5017 2187 5066 oottt
2200 4991 2283 5060 inire
2350 4973 2351 4986 ¹

480 5107 601 5194 1476,
626 5108 723 5177 ilem
746 5108 815 5193 26,
840 5109 916 5192 bit)
937 5110 1018 5191 quod
1040 5111 1161 5191 qrridem
1183 5119 1383 5176 tenementum
1413 5127 1482 5176 com
1509 5113 1592 5195 impu
1619 5113 1773 5181 adiacente
1802 5127 1831 5182 et
1857 5119 1919 5182 suis
1947 5121 2137 5200 pertinenciis
2162 5111 2283 5198 predicis

481 5247 537 5294 nos
557 5229 667 5310 prelati
688 5228 862 5293 willelmus
886 5229 1018 5312 Dudiey,
1040 5231 1193 5295 lohannes
1215 5231 1374 5312 Guntborp
1396 5241 1425 5296 et
1445 5231 1620 5299 Wilielmus
1642 5233 1767 5317 liatclyl
1783 5253 1881 5318 nuper
1900 5236 2060 5304 babuimus
2083 5239 2182 5313 nobis,
2212 5233 2281 5293 bere·

481 5349 569 5414 dibus
591 5356 620 5414 el
641 5350 802 5432 assignatis
825 5351 937 5414 nostris
960 5353 1180 5434 imperpetuum
1203 5369 1240 5416 ex
1262 5351 1343 5416 dono
1365 5359 1395 5415 ei
1422 5351 1612 5419 leollnmento
1633 5352 1798 5435 Wilieimi,
1832 5355 1948 5421 abbttis
1977 5360 2105 5439 exempti
2131 5345 2280 5422 monasterii
