4716 6330
844 655 955 755 1427,
980 659 1124 733 Febnrar
1148 655 1208 732 2⁰.
1878 655 1935 738 58

101 963 276 1050 mxxii.
340 965 540 1072 Vevplev'clt
579 966 651 1046 des
687 963 945 1070 Mupislroles
979 989 1028 1044 au
1066 966 1228 1046 Londoro
1262 973 1332 1045 mil
1373 967 1449 1046 den
1485 963 1715 1068 Koralleulcu
1749 989 1823 1045 oorv
1863 961 1934 1043 der

456 1117 655 1200 ffildlatle
685 1120 756 1199 dev
785 1117 1020 1200 Deulscbon.
1081 1117 1199 1219 1427,
1237 1119 1413 1200 Februur
1442 1118 1514 1202 20.
1540 1117 1576 1220 ¹)

248 1300 403 1366 Universis
424 1309 454 1364 et
475 1299 604 1383 siugulis
626 1297 740 1365 Clurlsti
762 1299 902 1364 lidelibus
923 1303 1115 1378 presencium
1138 1302 1352 1366 continentiam
1374 1304 1484 1366 visuris
1512 1299 1559 1362 vel
1581 1298 1745 1374 audituris,
1778 1296 1935 1360 lohannes

102 1419 271 1503 lleynwell,
292 1421 409 1497 maior,
431 1418 637 1496 aldermanni,
669 1421 860 1482 vicecomites
881 1425 910 1482 el
932 1423 1133 1484 communitas
1156 1423 1285 1486 civitatis
1307 1418 1444 1484 london.
1467 1419 1596 1482 salntem
1618 1419 1649 1480 in
1670 1416 1801 1480 Domino
1823 1417 1935 1494 sempi-

103 1549 209 1604 ternam
233 1554 270 1603 ac
292 1544 437 1617 perpetue
458 1541 502 1600 rei
523 1545 608 1620 geste
629 1539 818 1601 memoriam.
862 1537 987 1600 Noverit
1008 1539 1188 1602 universitas
1210 1547 1320 1616 vestra,
1344 1540 1427 1622 quod
1442 1541 1584 1603 vicesimo
1600 1536 1651 1601 die
1661 1535 1828 1612 Februarii,
1851 1547 1932 1596 nnno

101 1661 179 1741 regni
201 1661 284 1738 regis
301 1655 422 1721 llemici
443 1659 520 1720 serti
536 1659 653 1734 qumto,
675 1671 864 1734 concessum,
887 1656 1098 1720 ecnurmatum
1120 1665 1149 1720 et
1166 1657 1383 1723 concordatum
1406 1657 1462 1721 luit
1483 1674 1540 1737 per
1562 1671 1629 1734 uos,
1652 1658 1810 1731 maiorem,
1833 1649 1933 1734 elder·

101 1791 234 1853 mannos,
257 1778 447 1840 vicecomites
469 1782 500 1839 et
520 1776 766 1840 communitatem
788 1774 971 1852 antedictos,
1006 1781 1037 1839 iu
1060 1784 1165 1842 nostro
1185 1777 1277 1856 pleno
1305 1785 1335 1841 et
1363 1781 1516 1841 communi
1543 1774 1671 1840 consilio
1693 1773 1775 1853 apud
1798 1769 1934 1851 Guybal-

100 1897 174 1972 dam,
196 1903 325 1974 propter
345 1893 400 1956 lnec
422 1901 452 1956 et
473 1891 534 1956 alia
557 1895 678 1974 negotia
700 1897 832 1958 ciuitatis
859 1896 1074 1975 pertractanda
1102 1903 1322 1979 congregatos,
1356 1894 1438 1975 quod
1464 1902 1651 1959 mercatores
1679 1892 1717 1955 de
1738 1889 1841 1954 llansa
1863 1887 1934 1950 Ale-

99 2017 212 2078 mannie
235 2011 315 2076 inira
337 2011 474 2075 London.
501 2009 666 2076 residentes
694 2021 724 2076 et
748 2011 959 2098 Gupbcldem
985 2013 1233 2083 Taurasinorum
1262 2015 1426 2095 vulgariter
1454 2021 1659 2094 nuncupatam
1689 2013 1874 2089 optinentes,
1904 2013 1935 2068 el

99 2149 196 2197 omnes
217 2132 273 2195 alii
294 2137 477 2196 memslores
498 2128 537 2193 de
558 2128 659 2195 llansa
682 2130 877 2211 Alemannis,
907 2138 959 2212 qni
981 2135 1169 2216 temporibus
1198 2133 1309 2198 llrtuvis
1331 2139 1419 2198 entnt
1445 2129 1525 2196 inira
1546 2129 1684 2194 London.
1715 2126 1881 2192 residentes
1903 2133 1934 2188 et

100 2251 210 2334 dietam·
230 2248 425 2332 Guybaldam
447 2251 626 2328 optinentes,
648 2241 831 2316 habeantet
853 2252 1005 2318 habebunt
1026 2254 1258 2318 aldermanuum
1280 2265 1368 2316 sunm
1390 2259 1419 2316 el
1440 2267 1546 2314 omnes
1569 2249 1646 2313 alias
1669 2247 1832 2321 libertates,
1854 2259 1932 2322 quas

100 2369 242 2434 ilenriens
265 2368 407 2450 Waleys,
435 2365 589 2447 quondam
616 2371 731 2447 maior,
762 2380 791 2435 et
812 2376 1013 2438 communitas
1035 2375 1164 2436 civitatis
1184 2370 1321 2453 predicte
1350 2370 1505 2450 quondam
1527 2367 1748 2433 mercatoribus
1769 2364 1808 2434 de
1829 2361 1931 2425 llausa

99 2490 199 2554 dictam
222 2487 409 2554 Guibeldam
429 2485 644 2567 optinentibus,
668 2505 724 2569 per
745 2489 861 2554 litteras
883 2509 965 2570 suas,
998 2506 1127 2572 quarum
1149 2490 1253 2555 datum
1277 2497 1322 2554 est
1342 2489 1479 2552 London.
1502 2503 1605 2552 mense
1626 2485 1719 2562 lunii,
1742 2497 1822 2546 anno
1845 2482 1931 2562 regni

99 2613 173 2692 regis
193 2607 352 2683 Edwardi,
375 2605 430 2669 dlii
452 2610 533 2688 regis
555 2603 686 2684 Henriei,
710 2607 839 2684 decimo,
854 2609 892 2689 Ἰ)
916 2618 977 2676 lam
999 2611 1056 2676 sub
1078 2613 1231 2674 communi
1253 2609 1356 2693 sigillo
1378 2607 1512 2672 eiusdem
1535 2609 1681 2681 civitatis,
1716 2617 1807 2681 quam
1829 2597 1931 2682 sigillo

99 2726 199 2806 prelati
221 2727 338 2792 domini
360 2728 441 2808 regis
461 2723 606 2789 Edwardi
628 2725 789 2808 sigillatas,
812 2738 1037 2806 concesserunt,
1060 2728 1136 2793 adeo
1159 2727 1248 2810 plene
1269 2737 1298 2792 et
1326 2731 1453 2809 integre,
1484 2727 1559 2790 sicut
1583 2725 1640 2804 ipsi
1663 2733 1797 2801 unquam
1818 2718 1933 2782 babue-

99 2856 177 2924 mut,
210 2855 241 2910 et
273 2853 366 2924 prout
396 2841 497 2908 littere
528 2842 580 2906 ille
609 2844 832 2911 rationabiliter
861 2854 1025 2912 testantur:
1059 2851 1181 2927 proviso
1213 2863 1352 2928 semper,
1385 2846 1467 2925 quod
1495 2844 1711 2909 aldermannus
1742 2839 1796 2902 ille
1829 2841 1868 2904 sit
1896 2836 1934 2899 de

98 2967 228 3030 libertale
256 2965 386 3028 civitatis
414 2961 563 3044 predicte,
596 2979 633 3026 ac
661 2963 792 3046 eligatur
816 2973 846 3028 et
872 2967 1064 3044 admittatur,
1098 2969 1176 3030 sieut
1203 2967 1234 3029 iu
1267 2965 1374 3029 litteris
1400 2963 1545 3043 predictis
1573 2963 1759 3036 continetur,
1792 2965 1823 3020 et
1849 2953 1931 3035 quod

97 3083 263 3148 huiusmodi
295 3081 510 3146 aldermannus
550 3097 610 3144 uon
649 3084 854 3148 manutenebit
890 3101 946 3148 nec
984 3085 1177 3165 supportabit
1213 3086 1312 3150 dictos
1353 3091 1536 3147 mercatores
1575 3088 1681 3144 eontra
1714 3085 1826 3142 statum
1858 3088 1931 3154 pro·

98 3205 198 3266 llouum
231 3211 287 3266 ant
317 3201 463 3266 bonorem
496 3201 624 3265 civitatis
655 3201 789 3281 predicte
822 3204 1037 3282 quoquomodo
1070 3205 1100 3266 in
1128 3203 1276 3268 lblnrum.
1328 3203 1375 3266 Ad
1406 3218 1466 3281 que
1494 3199 1632 3266 iacienda
1662 3206 1691 3261 et
1720 3213 1780 3260 non
1809 3199 1930 3258 contra·

99 3321 236 3386 venienda
259 3320 388 3401 quilibet
408 3319 627 3385 aldermannus
647 3320 839 3404 uniusmodi,
870 3339 938 3386 cnm
960 3323 1000 3387 ad
1021 3321 1155 3387 oldcium
1177 3321 1253 3386 illud
1274 3321 1365 3386 luerit
1386 3319 1604 3395 admittendus,
1626 3315 1749 3381 vinculo
1771 3311 1930 3378 iuramenti

98 3445 325 3524 constringatur.

242 3559 290 3622 Ad
311 3557 475 3622 finiendum
497 3561 588 3621 etiam
610 3565 639 3621 et
660 3559 921 3624 determinandum
943 3561 1027 3640 lites,
1060 3560 1264 3626 dissensiones
1285 3569 1314 3625 et
1336 3563 1564 3636 consensiones,
1601 3573 1661 3636 quc
1681 3554 1721 3617 de
1741 3553 1793 3616 diu
1815 3565 1929 3630 pepen-

99 3679 198 3742 derunt
219 3680 300 3742 inter
321 3677 485 3741 doluerim
508 3675 636 3741 Aruoldi
657 3685 687 3742 et
708 3677 877 3743 lobaunem
895 3679 1037 3764 lligham,
1061 3697 1141 3744 nune
1162 3683 1352 3744 vicecomites
1369 3679 1517 3757 london,
1531 3683 1569 3740 ¹et
1590 3673 1724 3755 prelatos
1747 3677 1930 3736 mercatores

99 3797 131 3858 de
150 3797 252 3862 llausa
274 3812 333 3876 pro
354 3795 482 3860 diversis
504 3799 650 3859 custumis
673 3799 736 3860 sive
757 3799 993 3877 praelationibus
1015 3799 1207 3879 subscriptis,
1230 3815 1306 3879 quas
1328 3798 1420 3862 iidem
1442 3797 1631 3862 vicecomites
1645 3791 1748 3857 multis
1761 3789 1929 3854 rationibus

98 3917 250 3981 ostendunt
273 3915 409 3997 prelatos
431 3923 615 3978 mercatores
637 3914 755 3979 solvere
776 3914 903 3994 debere,
933 3927 963 3981 et
990 3917 1069 3982 unde
1094 3917 1205 3999 prelati
1236 3925 1419 3981 mercatores
1442 3916 1581 3998 pluribus
1604 3912 1764 3977 evidenciis
1787 3927 1820 3972 se
1842 3923 1929 3972 mon·
2032 3921 2036 3936 ·

100 4042 186 4100 suant
207 4039 368 4100 exonerari
390 4044 420 4098 et
441 4035 607 4114 acquietari
629 4033 750 4112 debere,
772 4067 814 4080 -
836 4036 986 4116 videlieet,
1009 4037 1048 4101 ad
1071 4040 1183 4102 exitum
1205 4047 1235 4101 el
1257 4041 1413 4100 introilum
1426 4035 1586 4100 cuiuslibet
1607 4033 1682 4097 dolii
1704 4032 1765 4094 vini
1787 4027 1864 4092 duos
1877 4025 1930 4091 de·
1952 4085 1956 4094 .

100 4157 200 4232 uarios,
222 4153 385 4219 cuiuslibet
406 4153 494 4233 cipue
507 4153 544 4231 ⁸)
566 4151 639 4218 salis
654 4152 731 4215 duos
753 4151 904 4233 denarios,
928 4154 1087 4220 cuiuslibet
1109 4156 1186 4221 laste
1208 4155 1338 4219 allecum
1361 4163 1422 4220 tres
1444 4154 1600 4230 denarios,
1629 4150 1788 4215 cuiuslibet
1809 4147 1878 4210 bale
1891 4145 1928 4222 1)

100 4271 132 4335 de
152 4275 203 4337 riis
225 4261 360 4354 nuatum
380 4273 531 4350 denarios,
554 4281 583 4336 el
605 4288 662 4352 pro
684 4273 856 4336 careatione
877 4274 1038 4339 cuiuslibet
1061 4275 1130 4357 blge
1152 4281 1271 4338 cereale
1294 4291 1362 4338 cum
1385 4273 1593 4349 mercandisis,
1616 4270 1753 4334 videlieet
1775 4283 1831 4347 pro
1853 4281 1929 4345 qno·

99 4391 163 4454 libel
183 4394 308 4474 contigit
323 4391 359 4470 ⁵]
382 4390 421 4456 ad
442 4393 555 4456 exitum
577 4399 606 4454 et
626 4391 794 4469 introilum,
816 4392 894 4457 duos
915 4393 1031 4458 solidos
1045 4393 1080 4473 ο)
1104 4401 1133 4457 et
1154 4409 1211 4475 pro
1235 4395 1406 4458 carcatione
1428 4393 1588 4457 cuiuslibet
1609 4393 1680 4469 equi
1702 4405 1770 4452 cum
1792 4399 1929 4450 merean-

99 4507 164 4574 disis
184 4511 344 4576 duodecim
368 4511 509 4576 denarios
517 4528 528 4587 ;
551 4545 591 4556 —
614 4526 672 4574 uos
693 4509 836 4575 antedicti
858 4529 938 4575 nunc
959 4513 1072 4590 maior,
1106 4511 1313 4590 aldermanni,
1347 4513 1537 4576 vicecomites
1565 4517 1594 4573 et
1622 4509 1839 4585 communitas,
1870 4521 1928 4586 pro

100 4630 263 4694 rationabili
285 4629 575 4709 recumpensatione,
598 4645 688 4709 quam
710 4629 802 4694 iidem
825 4635 1010 4694 mercatores
1031 4646 1088 4709 pro
1112 4633 1191 4695 bono
1213 4633 1299 4711 pacis
1321 4630 1495 4710 optulerunt
1522 4637 1550 4692 et
1577 4635 1792 4692 concesserunt
1814 4629 1843 4687 in
1870 4625 1928 4689 nae

247 4913 271 4979 ¹)
305 4915 364 4966 Ans
388 4917 438 4968 den
465 4918 532 4968 oben
557 4931 588 4967 rn
614 4917 662 4971 No·
686 4917 771 4970 cxvi
795 4920 982 4982 angegebenen
1005 4920 1222 4972 llandselnrilten.
1465 4918 1491 4983 ²)
1528 4915 1606 4981 1282,
1635 4916 1707 4969 Junl.
1748 4917 1826 4969 Slelrs
1851 4916 1928 4966 oben·

103 4995 124 5058 1)
150 5000 237 5062 ciple
273 4999 352 5052 bleba
370 5001 438 5051 oben
457 5013 517 5054 vum
535 5001 614 5053 lubre
633 4999 709 5054 1118.
867 5003 893 5067 ⁴)
920 5004 1000 5066 licia,
1019 5005 1198 5056 nollindiselr:
1225 5005 1293 5068 bala,
1312 5003 1417 5070 ballena
1441 5003 1508 5055 saei
1527 5003 1569 5055 llir
1589 5002 1684 5066 Wolte,
1703 5001 1774 5066 lleis,
1792 4999 1928 5053 blendeln.

101 5080 170 5133 siene
186 5083 367 5138 Urbundllsns
384 5085 543 5138 suculento
560 5088 606 5140 der
623 5087 771 5140 deutschen
789 5087 890 5140 flaura.
924 5089 1021 5140 Tinll.
1039 5087 1121 5154 &82
1138 5088 1198 5144 118.
1354 5086 1381 5154 ⁵)
1411 5090 1532 5154 cmupit.
1566 5087 1625 5143 118.
1642 5089 1740 5140 flamb.
1760 5087 1847 5138 bauo:
1866 5091 1926 5136 tore

101 5165 164 5230 liplt,
180 5169 222 5219 ein
241 5171 292 5220 mir
311 5169 493 5222 unbekanntes
504 5171 589 5224 worn
624 5172 678 5222 llus
693 5171 834 5226 senrelben
854 5171 900 5224 der
911 5174 1032 5226 raemret
1050 5187 1111 5228 vom
1129 5175 1209 5227 lubre
1224 5173 1290 5228 1423
1307 5175 1409 5238 sprlelnl
1427 5175 1453 5226 in
1472 5173 1560 5225 salner
1577 5173 1751 5224 liesclnvverde
1770 5172 1835 5222 inber
1854 5171 1927 5222 dlese

101 5253 359 5313 rugemasstenzolle
377 5268 427 5306 von
446 5253 567 5307 “turonen
579 5255 676 5319 gude.”
703 5257 885 5309 Vlelleiclrtlst
897 5259 966 5310 oben
981 5273 1012 5309 nn
1024 5258 1113 5310 leaena
1132 5265 1178 5310 tun
1198 5261 1301 5322 veigur,
1320 5259 1432 5311 ndmllelr
1452 5257 1626 5313 maruno.
1757 5257 1784 5322 ⁶)
1813 5257 1926 5309 solidos.

101 5331 153 5386 tls.
169 5337 263 5391 llrmb.
299 5339 438 5394 berenna.
464 5340 545 5393 lenes
563 5342 667 5394 atlnnmt
684 5343 738 5394 mitt
749 5343 796 5394 der
814 5343 909 5408 oblaen
928 5343 1044 5397 zollliste
1063 5355 1123 5397 vom
1141 5345 1220 5397 labra
1241 5341 1313 5397 illu
