4716 6330
664 651 774 748 nant,
799 655 862 730 tun
884 651 944 730 co.
969 693 1020 706 --
1048 653 1157 747 tani,
1183 657 1307 749 rugan
1329 654 1363 726 ο.
1876 661 1930 742 st

107 944 322 1020 imperpetuum
355 953 411 1018 per
439 945 603 1020 presentes.
653 936 685 1002 tn
713 937 799 1004 cuins
825 939 870 1004 rei
898 939 1099 1008 teednoninrn
1126 939 1318 1020 presentibus
1343 939 1478 1022 sigidone
1505 951 1617 1006 menet'
1633 944 1774 1022 apposni.
1824 942 1933 1012 batem

103 1057 231 1134 london,
253 1055 409 1124 eertodie
431 1059 544 1122 mensis
564 1055 675 1133 idertii,
696 1070 778 1122 auno
799 1057 885 1138 regni
908 1055 999 1140 Regis
1021 1055 1143 1125 Henrici
1162 1058 1259 1136 ouini
1280 1065 1351 1140 poet
1371 1067 1568 1138 muneratam
1588 1068 1711 1128 minue.

1654 1178 1780 1246 denne.

101 1431 259 1516 bxtx.
306 1435 436 1540 Roper
470 1433 644 1538 Troysord
675 1431 838 1536 besreiei
868 1433 943 1513 dere
963 1433 1009 1512 tt.
1031 1433 1238 1516 aeternna
1263 1459 1337 1517 oon
1360 1437 1466 1517 olleo
1491 1437 1745 1542 Arreprdcben
1776 1465 1828 1520 orn
1860 1439 1935 1518 dos

299 1585 547 1670 Groodstitcb
576 1589 658 1667 ond
687 1587 763 1668 deo
792 1585 877 1689 Kory
906 1591 946 1668 c‘rn
983 1585 1200 1692 andcpoa
1230 1587 1349 1671 borne.
1411 1588 1525 1692 1421,
1557 1591 1641 1669 Jntn·
1663 1589 1735 1670 30.
1797 1707 1800 1714 ⁴

251 1769 398 1836 Noueriut
419 1770 552 1835 uniuersi
574 1783 631 1846 per
646 1776 804 1847 presentes
819 1785 877 1845 me,
899 1767 1054 1852 ttogerun
1067 1768 1228 1850 Twyiord,
1249 1771 1411 1848 remisisse,
1435 1771 1589 1839 retexens
1611 1779 1640 1836 et
1661 1775 1785 1838 omnino
1807 1789 1866 1854 pre
1886 1787 1936 1838 me

103 1896 129 1956 et
153 1887 317 1957 inedium
343 1888 419 1954 meis
446 1890 668 1968 imperpetuum
696 1887 830 1966 orimum
859 1886 1007 1954 niumm
1029 1886 1160 1954 Ricardo
1186 1887 1358 1966 Bokeiand,
1392 1891 1452 1958 uiui
1490 1887 1503 1970 b
1538 1897 1567 1956 et
1588 1892 1759 1970 pnoenerio
1785 1889 1934 1970 touton,

103 2015 192 2074 totum
215 2007 265 2068 ins
286 2021 386 2073 mecm
408 2013 440 2072 et
461 2005 621 2080 sirmeum,
644 2005 726 2084 cuod
745 2004 857 2082 bebeo.
879 2005 972 2074 tebni
993 2019 1046 2073 teu
1068 2006 1270 2084 qnonbnodo
1291 2006 1330 2074 de
1350 2015 1451 2073 cetero
1473 2007 1587 2074 bebere
1608 2016 1716 2089 potero
1738 2010 1768 2074 ir
1796 2017 1859 2074 toto
1882 2008 1936 2074 itio

103 2132 269 2188 tenemento
291 2140 328 2197 eo
350 2123 431 2204 beyn
452 2123 620 2205 adiacente,
643 2123 733 2191 simtu
771 2121 784 2202 b
819 2140 888 2189 enm
910 2123 1051 2192 omnibus
1073 2125 1142 2191 abis
1165 2125 1446 2202 commorientibus,
1480 2127 1719 2194 detenendos
1738 2129 1936 2208 metiendis,

104 2243 243 2324 predictis
267 2250 436 2311 tenemento
458 2251 489 2309 et
510 2242 591 2323 tayo
612 2241 872 2322 ouabtercumous
894 2243 1124 2322 pertinentibus,
1146 2243 1264 2326 sinuatis
1285 2244 1318 2312 in
1339 2243 1466 2321 venetie,
1490 2243 1892 2328 uocata-,Wyndesgostane
1910 2247 1921 2325 tt

104 2365 130 2425 in
151 2363 299 2442 parocbia
314 2359 459 2429 Omnium
476 2358 658 2428 Sanctorum
678 2359 718 2426 ed
740 2358 844 2426 denum
866 2359 1016 2438 tondon,
1037 2363 1069 2427 in
1090 2377 1152 2444 quo
1173 2360 1295 2440 quidem
1317 2369 1485 2429 tenemento
1508 2363 1661 2443 predictas
1674 2363 1823 2432 meroes
1845 2364 1936 2430 modu

105 2480 258 2544 inhabitat.
304 2481 445 2556 iterem,
466 2479 548 2558 quod
571 2495 625 2542 uec
648 2494 715 2562 ego,
738 2477 892 2557 predicans
903 2478 1053 2564 bogorus,
1076 2496 1131 2544 nec
1149 2477 1276 2544 heredes
1299 2481 1356 2542 mei
1379 2480 1494 2560 aliquid
1516 2482 1592 2545 iuris
1614 2499 1667 2546 seu
1690 2483 1800 2546 ciamei
1821 2483 1851 2544 iu
1866 2498 1937 2560 pre·

104 2599 186 2664 dictis
208 2607 381 2664 tenemento
403 2606 433 2662 et
455 2598 553 2677 tayo,
580 2599 646 2660 siue
669 2597 699 2660 in
721 2597 999 2674 commoditatibus,
1034 2599 1219 2661 aisiamentis
1241 2605 1270 2661 et
1291 2599 1481 2677 pertiuentiis
1504 2599 1648 2680 predictis
1669 2602 1791 2683 exigere
1813 2600 1865 2663 sed
1887 2617 1938 2664 ca·

106 2719 274 2798 tnmpntere
294 2718 459 2798 poterimm
481 2717 511 2782 in
535 2713 687 2794 iutprnm,
715 2719 761 2780 sot
782 2715 823 2778 ab
843 2717 927 2783 omui
947 2717 1072 2796 eodone
1092 2716 1168 2783 iuris
1189 2717 1412 2798 imperpetuum
1442 2718 1537 2788 simne
1558 2717 1751 2798 ercinsiper
1772 2723 1938 2798 presentes.

105 2837 137 2898 Et
157 2854 224 2922 ego,
248 2833 385 2918 prefatus
402 2833 550 2914 Rogerns,
573 2841 603 2897 et
620 2831 746 2896 heredes
768 2835 826 2896 mei
847 2832 1019 2912 predictum
1040 2842 1240 2898 tenementum
1263 2841 1293 2896 et
1314 2813 1438 2914 inrum,
1460 2836 1553 2900 simut
1574 2853 1644 2902 cum
1662 2829 1938 2914 commoditatibus,

107 2958 290 3019 aisiamentis
313 2962 342 3018 et
362 2955 552 3033 pertiuentiis
574 2950 720 3030 predictis
742 2946 1032 3030 pestanensem,
1066 2951 1228 3016 heredibus
1256 2959 1285 3015 et
1307 2956 1471 3036 assignatis
1493 2958 1556 3018 suis
1579 2963 1684 3019 contre
1707 2972 1812 3019 omues
1834 2963 1939 3038 gentes

106 3083 239 3138 tenemur
260 3075 481 3148 warantiaare,
515 3072 688 3147 acquietare
709 3076 740 3132 et
760 3066 920 3134 defendere
941 3071 1175 3152 imperpetuum.
1219 3069 1251 3132 in
1280 3073 1367 3134 cuitts
1395 3075 1438 3152 rei
1461 3075 1664 3138 testimouium
1687 3074 1877 3152 presentibus
1900 3075 1940 3136 si·

105 3193 208 3274 gitium
232 3205 335 3256 meum
356 3191 497 3270 apposui.
529 3186 595 3252 iliis
618 3163 760 3252 testibus:
783 3185 940 3254 Wiitetmo
955 3184 1158 3272 Cambrpgge,
1182 3197 1253 3252 ωηο
1274 3189 1390 3256 maiore
1412 3191 1543 3254 ciuitatis
1560 3189 1706 3270 terdon,
1728 3191 1866 3256 tobanne
1882 3191 1938 3256 Bo-

107 3311 177 3378 ieter
198 3318 228 3374 et
249 3307 388 3372 tobnnne
410 3305 544 3382 metten,
565 3313 636 3372 tunc
658 3307 883 3375 vicecomitibus
904 3305 1039 3372 eiusdem
1061 3307 1202 3384 ciuitatis,
1224 3305 1372 3374 ttinnotao
1393 3307 1536 3385 Wotton,
1573 3315 1642 3372 tunc
1664 3308 1745 3375 iliius
1767 3309 1874 3374 warde
1895 3309 1940 3372 ai·

107 3429 289 3507 dremanno,
323 3425 453 3492 ilenrico
475 3423 587 3490 meten
609 3432 639 3487 et
658 3423 791 3488 boberto
813 3421 1052 3506 Wbityugbem,
1087 3425 1289 3490 atdremaano
1308 3425 1445 3492 eiusdem
1466 3428 1616 3504 ciuitatis,
1648 3426 1787 3494 dobanne
1808 3425 1939 3508 uentris,

106 3548 240 3614 iohanne
258 3545 432 3622 Bittirdene,
454 3543 622 3624 pruneriis,
639 3540 776 3606 dobenne
787 3541 976 3623 Tyntaeiden,
996 3541 1135 3608 touanne
1149 3542 1288 3625 Gydney,
1310 3547 1460 3627 proceris.
1497 3544 1608 3610 Datum
1621 3544 1769 3624 bendum,
1787 3547 1940 3612 tricesimo

110 3665 154 3730 die
174 3665 260 3742 tulii,
284 3679 364 3728 enno
386 3663 472 3746 regni
493 3661 585 3743 Regis
606 3659 729 3726 Henrim
749 3663 847 3742 quinti
869 3669 941 3740 post
960 3668 1156 3740 conquestum
1179 3679 1271 3728 nono.

258 3780 303 3862 ,In
324 3780 448 3850 dorso:
481 3779 540 3846 iste
563 3779 648 3844 litere
669 3779 813 3862 colligate
834 3788 905 3844 sunt
928 3779 1195 3846 timretttdoncie.

110 4041 248 4125 uxx.
295 4043 341 4122 tn.
366 4041 572 4123 anenno
603 4039 814 4144 enormen
845 4041 931 4120 aen
954 4039 1193 4122 monneto
1220 4039 1277 4122 W.
1293 4041 1448 4145 aenon
1477 4043 1559 4122 nna
1589 4041 1677 4123 nem
1697 4039 1743 4122 n.
1770 4041 1945 4147 myron

289 4202 374 4278 sein
408 4193 655 4276 monosemi
683 4192 766 4272 nno
793 4189 877 4296 Koy
907 4199 947 4270 io
980 4193 1196 4299 Wprrdepoa
1220 4195 1339 4275 boue.
1400 4193 1515 4298 1421,
1546 4197 1699 4304 Aupnai
1724 4197 1760 4275 5.

260 4376 364 4446 Sciant
384 4385 540 4460 presentes
561 4383 592 4442 et
613 4374 722 4452 icturi,
745 4373 827 4454 qnod
849 4391 922 4456 ego,
953 4375 1101 4440 Ricardns
1123 4375 1292 4454 mnenon,
1321 4377 1399 4444 cinis
1418 4385 1450 4442 et
1468 4379 1658 4454 piseeeertas
1679 4376 1834 4455 London,
1862 4378 1943 4455 dedi,

111 4501 245 4564 concessi
265 4505 295 4562 et
317 4495 374 4560 bac
396 4498 528 4576 presenti
549 4501 632 4560 carta
653 4509 722 4558 mea
743 4492 921 4558 condrmam'
944 4491 1101 4563 Wiiieimo
1123 4492 1254 4574 bayton,
1275 4494 1402 4573 clerico,
1437 4492 1449 4576 ΙΙ
1485 4505 1516 4562 et
1537 4495 1659 4578 bogero
1676 4495 1827 4577 Twyiord
1848 4505 1943 4564 totum

114 4623 312 4681 tenementum
333 4629 435 4678 meum
450 4629 520 4678 cum
536 4613 617 4694 bryo
634 4610 801 4689 adiacente,
823 4611 915 4678 simui
931 4627 1000 4676 oum
1024 4611 1300 4690 commoditatibus,
1322 4614 1507 4680 minentis
1529 4622 1559 4680 et
1574 4614 1782 4692 pertinenciis,
1800 4615 1944 4694 predictis

114 4741 282 4800 tenemento
302 4742 333 4796 ct
354 4733 435 4812 beyn
456 4730 715 4812 qmbmmttmoue
752 4728 763 4812 Ι
800 4729 1038 4810 pertinentibus,
1068 4731 1188 4798 situatis
1215 4732 1246 4794 in
1275 4731 1407 4808 venetie,
1440 4739 1545 4800 nocete
1567 4729 1816 4813 wyndegostene
1837 4733 1867 4796 in
1890 4747 1945 4809 pe·

115 4851 216 4918 roobia
232 4850 374 4920 omniun
391 4847 573 4918 Sanctorum
595 4848 634 4915 ad
657 4847 760 4917 fenum
780 4845 928 4926 bordon,
949 4849 1029 4913 inter
1050 4856 1249 4922 tenementum
1273 4866 1371 4929 anper
1386 4848 1590 4916 Bertbotcmei
1603 4847 1777 4934 ttrsrtrng
1799 4866 1837 4912 en
1858 4858 1945 4928 perte

117 4971 263 5050 orientem,
279 4979 313 5036 et
328 4971 453 5050 imum,
470 4974 609 5037 voeatmn
623 4963 927 5052 Eorntpepecictte
944 4983 980 5034 ex
992 4975 1080 5045 parte
1098 4967 1290 5046 occidentali,
1305 4985 1341 5036 ec
1359 4983 1470 5048 murm
1481 4967 1635 5035 Tbennsie
1652 4985 1690 5034 ex
1705 4976 1792 5047 parte
1806 4968 1945 5046 adstrati,

116 5099 143 5152 et
162 5097 362 5154 tenementum
391 5103 488 5165 nuper
514 5083 668 5166 nsdntpbi
695 5085 848 5166 biabensy
876 5101 914 5150 ex
943 5090 1030 5165 perte
1057 5085 1230 5164 aquilonari
1236 5105 1249 5164 i
1281 5086 1363 5166 quod
1391 5085 1514 5165 quidem
1542 5093 1743 5156 tenementum
1774 5095 1803 5154 et
1831 5087 1945 5168 berum

118 5225 210 5290 nuper
231 5207 322 5272 simut
344 5221 412 5269 eum
435 5203 571 5283 predicto
593 5203 714 5286 Rogero
735 5211 765 5267 et
787 5201 942 5266 Wilteimo
965 5199 1082 5281 Olden,
1120 5205 1181 5266 iam
1204 5202 1361 5283 defuncto,
1398 5204 1490 5268 babai
1513 5221 1550 5268 ex
1571 5205 1668 5284 dopo,
1701 5207 1897 5274 concessione
1917 5215 1948 5276 et

120 5327 341 5390 confirmatione
362 5323 477 5392 tuom
499 5321 648 5402 moerens,
678 5322 839 5406 armigeri,
867 5330 897 5384 et
919 5319 1080 5398 biduucie,
1110 5324 1213 5385 uxoris
1242 5324 1323 5400 eins,
1351 5323 1523 5388 babendum
1546 5333 1575 5388 et
1598 5324 1757 5388 tenendum
1778 5325 1948 5404 predictum

1710 5473 1745 5528 70
