4702 6346
884 669 994 766 naon,
1019 673 1093 744 runs
1119 670 1178 743 nu.
1892 673 1944 752 21

100 1027 326 1113 XXXIX.
366 1029 496 1112 Riiior
531 1029 697 1113 Thomas
725 1057 798 1113 nort
829 1030 1032 1135 satistuto
1055 1031 1268 1113 'obmittant
1300 1035 1387 1114 dem
1416 1032 1606 1136 Reyomrd
1632 1031 1758 1136 noue,
1798 1031 1950 1134 Bornos

99 1210 150 1263 ao
192 1184 376 1286 nomos,
425 1182 493 1286 tito
531 1183 593 1262 20
621 1183 757 1287 Psmsd
792 1183 967 1290 Storiioq
1013 1186 1076 1268 dte
1122 1185 1243 1266 doureh
1285 1185 1472 1267 totnteron
1519 1185 1664 1267 herotis
1708 1209 1781 1265 ooo
1820 1183 1950 1284 Homo

104 1335 398 1418 Combomortio
428 1337 684 1442 qemieiheten
717 1336 903 1418 Gebohde
936 1338 1051 1418 uehat
1082 1338 1169 1419 dem
1198 1337 1283 1441 Koy
1312 1345 1353 1417 in
1385 1337 1442 1420 St.
1473 1339 1676 1419 Dorostone
1705 1334 1950 1440 Kirohspt'ele

399 1489 617 1595 qeqouither
648 1492 735 1572 dom
771 1491 946 1572 Therme
961 1517 1010 1571 mr
1038 1491 1210 1573 Londoo.
1272 1489 1391 1593 1365,
1422 1494 1516 1571 June?
1539 1491 1603 1570 24.
1624 1491 1659 1593 ¹)

265 1668 354 1736 Ceste
381 1671 546 1736 endentme
574 1676 760 1756 tesmoigne‚
794 1688 852 1752 que
880 1676 1034 1738 monsieur
1061 1671 1195 1738 Thomas
1221 1673 1260 1738 de
1287 1670 1461 1752 Saleshuri,
1498 1673 1649 1750 minator,
1683 1673 1721 1734 ad
1749 1678 1894 1754 grauntee
1921 1677 1951 1732 et

99 1792 203 1855 iessee
227 1807 246 1866 a
268 1789 415 1872 Reynaud
436 1789 534 1869 Looe,
563 1793 652 1854 eitein
675 1799 704 1854 et
725 1791 898 1870 pensiori)
921 1779 1146 1869 tie’houndres
1170 1801 1235 1856 tout
1256 1793 1301 1858 oei
1324 1801 1489 1858 tenementz
1528 1793 1538 1873 11
1577 1809 1634 1855 oue
1661 1792 1690 1856 ie
1711 1793 1772 1871 isay
1789 1790 1950 1872 ndgisaunt

102 1919 133 1974 et
154 1925 218 1973 oue
241 1919 310 1974 tona
334 1911 377 1973 ies
399 1918 500 1974 autres
523 1919 777 1992 appartenanoes
812 1927 872 1989 que
899 1910 977 1974 iadis
1004 1915 1093 1974 estoit
1115 1927 1133 1974 a
1157 1911 1247 1975 Henri
1275 1911 1511 1994 Gomhemartyn
1540 1920 1570 1976 et
1599 1911 1698 1991 tequei
1728 1925 1842 1974 mesme
1870 1907 1949 1970 oeini

102 2028 258 2110 iieynaod
279 2031 354 2092 tient
375 2028 416 2092 du
438 2027 483 2091 ou
504 2033 660 2094 monsieur
696 2026 707 2112 11
743 2027 878 2094 Thomas
899 2046 938 2094 au
961 2037 1058 2109 temps
1081 2030 1119 2094 de
1141 2031 1170 2093 la
1192 2029 1313 2094 iesanee
1335 2031 1372 2095 de
1394 2040 1491 2095 eestes
1513 2048 1549 2094 en
1573 2032 1602 2094 ia
1625 2029 1758 2109 parocho
1777 2032 1855 2092 seint
1868 2027 1951 2090 Dun-

105 2155 174 2211 stan
193 2163 266 2212 vens
288 2146 318 2211 ia
341 2155 411 2212 tour
430 2146 469 2211 de
489 2146 653 2224 Loundres,
675 2163 755 2226 pom
768 2143 862 2212 'avoir
882 2155 911 2210 et
933 2151 1011 2211 tenir
1032 2155 1097 2212 tout
1119 2149 1268 2213 lauantdit
1288 2157 1439 2214 tenement
1461 2166 1519 2214 oue
1541 2149 1569 2213 ie
1587 2149 1649 2230 isay
1670 2148 1832 2231 arigisnunt
1853 2154 1883 2209 et
1904 2146 1949 2209 ies

104 2275 211 2332 aomos
237 2273 486 2348 appartenanees,
509 2283 549 2330 au
570 2266 615 2330 dit
635 2267 782 2348 iteynaud
805 2275 874 2330 eta
896 2281 945 2330 ses
968 2271 1105 2350 assigner
1128 2269 1217 2333 deta
1240 2267 1314 2333 teste
1337 2270 1375 2333 de
1397 2269 1427 2332 ia
1453 2272 1593 2334 nativitee
1621 2272 1698 2333 seint
1719 2265 1800 2330 tohu
1821 2265 1849 2328 te
1871 2266 1946 2344 han

106 2389 168 2464 tist,
192 2387 249 2450 ian
268 2384 310 2450 dn
325 2401 421 2468 regne
443 2385 472 2449 le
493 2388 539 2448 roi
561 2384 695 2450 unwano
719 2387 790 2449 tierz
812 2387 882 2465 puis
905 2385 933 2448 ie
954 2394 1100 2465 conquest
1121 2395 1201 2450 trent
1221 2394 1251 2451 et
1272 2391 1418 2465 neuisme,
1441 2405 1459 2451 a
1481 2396 1606 2468 tanques
1628 2404 1646 2449 a
1668 2387 1698 2449 ia
1719 2387 1760 2449 tin
1783 2384 1820 2448 de
1842 2387 1951 2464 quinae

106 2521 183 2568 annz
209 2503 329 2586 adongs
351 2503 496 2584 prochein
518 2507 616 2568 siantz
638 2512 667 2569 et
689 2504 872 2582 pleinement
894 2504 1096 2585 accompiiez,
1129 2505 1258 2570 tendant
1286 2506 1324 2570 de
1346 2520 1401 2570 eeo
1423 2523 1480 2586 par
1499 2490 1545 2570 ¹au
1574 2524 1591 2569 a
1621 2503 1767 2569 tarantdit
1795 2505 1951 2566 monsieur

106 2621 266 2700 Thomas,
300 2639 318 2686 a
340 2637 389 2686 ses
411 2621 494 2686 heirs
516 2631 546 2686 et
567 2640 586 2686 a
607 2641 656 2688 ses
678 2627 818 2706 assignez
846 2627 908 2686 rint
937 2623 1031 2688 iinres
1060 2623 1098 2688 de
1126 2624 1255 2706 sterling
1281 2642 1317 2688 en
1346 2625 1390 2690 les
1418 2626 1521 2690 veiiles
1550 2625 1588 2688 de
1616 2625 1660 2688 ies
1686 2621 1777 2688 festos
1807 2621 1844 2684 oe
1873 2623 1950 2684 seint

106 2741 220 2804 hiiehei
244 2741 434 2825 larehangei‚
465 2741 503 2805 de
526 2741 617 2819 Noai,
647 2741 685 2805 de
706 2741 842 2824 Pasques
863 2751 894 2806 et
915 2741 953 2807 de
974 2743 1004 2806 la
1027 2743 1177 2808 Natiuitee
1198 2749 1276 2808 seint
1296 2744 1375 2808 tohu
1398 2744 1426 2809 ie
1447 2745 1560 2826 baptist
1582 2733 1640 2823 nar
1662 2742 1773 2806 eweies
1794 2743 1949 2821 porcions.

106 2859 149 2924 De
171 2860 248 2940 quei
271 2860 382 2924 annuet
407 2868 491 2925 rente
513 2859 550 2924 de
572 2865 635 2924 vint
657 2860 750 2926 liures
773 2861 942 2926 anantdites
964 2862 994 2927 le
1015 2861 1060 2926 dit
1080 2861 1227 2943 Reynauri
1254 2863 1291 2926 ari
1320 2861 1375 2926 init
1402 2880 1474 2946 gree
1502 2881 1542 2928 au
1570 2863 1614 2926 dit
1640 2864 1796 2925 monsieur
1816 2858 1951 2922 Thomas

106 2977 224 3044 deuant
246 2994 352 3060 meyns
374 2996 413 3043 au
437 2986 533 3060 temps
555 2978 594 3045 de
615 2979 645 3044 la
668 2978 789 3044 iesanee
809 2981 847 3046 de
870 2989 966 3046 oestes
988 2996 1068 3061 pour
1089 2981 1134 3046 ies
1155 2986 1307 3061 premiers
1335 2982 1392 3063 dys
1419 3000 1496 3047 annz
1524 2981 1572 3046 del
1602 2989 1697 3046 terme
1723 2977 1870 3043 auantdit.
1913 2975 1951 3038 Et

109 3106 302 3178 neporqnant
323 3098 353 3162 ie
374 3097 418 3161 dit
437 3097 585 3180 haynaud
608 3107 639 3162 et
657 3115 707 3163 ses
729 3102 868 3182 assignet
889 3097 1005 3163 terront
1026 3098 1118 3163 ‹ieeeo
1131 3115 1199 3179 xnar
1216 3107 1259 3164 'an
1281 3115 1361 3179 pour
1383 3101 1412 3164 ie
1433 3101 1478 3164 dit
1499 3104 1654 3166 monsieur
1665 3099 1800 3162 Thnmas
1822 3105 1852 3160 et
1872 3111 1952 3177 pour

109 3235 157 3282 ses
179 3218 268 3282 heirs
291 3234 326 3281 as
350 3215 446 3282 ehiess
468 3221 625 3300 seigneurs
647 3217 688 3282 du
710 3217 757 3281 iee
778 3227 807 3282 et
828 3235 847 3282 a
869 3226 938 3288 touz
960 3227 1073 3297 autres,
1098 3227 1194 3284 tontes
1216 3219 1261 3284 les
1282 3229 1386 3284 autres
1407 3225 1540 3286 seruioes
1563 3217 1950 3302 etohangesdeoeodewes

112 3344 141 3400 et
161 3344 366 3402 accustumez.
417 3335 455 3400 Tt
480 3335 627 3400 larantdit
653 3335 799 3418 Reynaud
826 3352 865 3400 ou
895 3353 944 3401 ses
971 3340 1109 3420 assigner
1138 3354 1195 3419 par
1222 3338 1252 3403 ia
1283 3356 1367 3403 revue
1394 3347 1423 3403 et
1450 3339 1625 3404 loniinanee
1653 3338 1694 3402 du
1721 3338 1766 3402 dit
1797 3337 1952 3398 monsieur

112 3454 252 3522 Thomas
279 3471 319 3519 ou
347 3453 385 3520 de
406 3453 462 3520 soh
482 3455 610 3535 depone
631 3454 746 3520 terrant
767 3455 904 3520 adrester
926 3464 955 3518 et
976 3454 1156 3534 reparaiiler
1177 3457 1326 3522 lauantdit
1348 3445 1497 3523 tenement
1519 3473 1576 3521 oue
1598 3457 1627 3520 ie
1648 3457 1710 3537 isay
1731 3463 1762 3520 et
1781 3453 1827 3517 ies
1849 3459 1950 3516 autres

113 3582 359 3656 appartenanees
381 3589 399 3638 a
422 3583 519 3640 tontes
542 3575 586 3640 les
607 3573 684 3652 tois,
707 3592 766 3655 que
787 3577 911 3638 mestier
931 3591 999 3640 sera
1021 3575 1107 3640 deme
1129 3576 1277 3640 lanantdit
1295 3585 1409 3656 terme,
1432 3591 1525 3642 sauna
1554 3575 1724 3640 ailowanee
1745 3573 1837 3636 deoeo
1859 3589 1877 3634 a
1899 3571 1951 3633 de·

118 3693 249 3760 munder
275 3693 316 3758 du
337 3693 383 3758 dit
404 3697 560 3758 monsieur
578 3693 713 3758 Thomas
742 3710 782 3758 ou
803 3693 841 3759 de
862 3710 911 3758 ses
933 3694 1014 3759 heirs
1036 3710 1094 3774 nar
1115 3695 1159 3759 ies
1180 3699 1328 3776 premiere
1349 3696 1407 3777 ‹iys
1429 3713 1508 3761 aunz
1530 3695 1568 3760 (ie
1590 3701 1655 3758 tout
1676 3694 1705 3756 ie
1726 3700 1821 3756 terme
1843 3697 1949 3753 auant-

112 3812 162 3876 dit
209 3812 274 3876 hies
296 3813 335 3877 rie
358 3822 455 3877 tontes
477 3813 521 3878 les
543 3817 749 3892 raparationm
786 3813 915 3896 oharges
943 3822 974 3877 et
993 3813 1176 3878 resolutione
1204 3830 1341 3878 oonuenx
1370 3813 1399 3878 ie
1421 3813 1464 3878 dit
1485 3811 1631 3895 Reynaud
1664 3827 1704 3875 ou
1733 3827 1782 3874 ses
1812 3813 1950 3891 assignes

111 3932 343 3997 commendront
364 3931 441 3996 taire
463 3948 517 3996 snr
538 3932 567 3995 ie
588 3930 632 3995 ou
653 3938 803 3996 tenement
823 3931 910 3996 domu
933 3932 978 3996 les
1000 3931 1138 3997 derreins
1165 3933 1246 4015 cynii
1276 3949 1353 3996 annu
1383 3931 1421 3996 de
1448 3939 1513 3996 tout
1542 3930 1691 3995 iuuantdit
1713 3937 1823 4006 terme,
1851 3930 1879 3991 ie
1905 3927 1951 3990 dit

111 4055 269 4116 monsieur
291 4049 425 4115 Thomas
447 4059 476 4115 et
496 4067 546 4115 ses
568 4049 650 4114 heire
672 4049 741 4114 tour
762 4049 879 4115 ierront
899 4051 986 4117 deme
1008 4050 1177 4116 aliowanoe
1199 4052 1296 4116 dean
1322 4068 1360 4116 en
1383 4069 1421 4115 an
1436 4059 1627 4134 meyntenant
1645 4067 1736 4131 apres
1756 4049 1800 4112 ies
1813 4057 1951 4130 eostages
2006 4045 2008 4052 ⁴

111 4167 200 4236 saites
223 4177 252 4234 et
273 4186 327 4233 oen
356 4186 414 4249 pan
441 4168 606 4234 endenture
632 4175 715 4232 entre
744 4185 819 4234 eanz
842 4169 957 4235 affaire.
1009 4169 1099 4234 issint
1125 4187 1184 4251 que
1214 4187 1250 4234 en
1278 4169 1308 4234 ia
1339 4170 1379 4233 fln
1407 4170 1445 4235 de
1472 4178 1536 4234 tout
1563 4171 1591 4234 io
1620 4170 1665 4234 dit
1687 4178 1781 4233 terme
1804 4167 1952 4231 iauantdit

111 4285 258 4369 iieynaud
289 4303 329 4351 ou
355 4305 404 4352 ses
432 4293 571 4372 assigner
604 4289 810 4354 surreudront
826 4287 976 4356 lauantdit
997 4297 1146 4354 tenement
1166 4305 1224 4353 oue
1248 4289 1292 4354 ies
1314 4297 1551 4372 appartenanoes
1578 4307 1615 4353 en
1638 4291 1708 4353 auxi
1731 4288 1791 4351 hon
1812 4294 1890 4350 estat
1911 4301 1950 4348 ou

112 4407 254 4471 meilionr
275 4421 360 4472 eome
381 4421 495 4472 mesine
517 4409 594 4473 eeiui
616 4407 763 4489 Reynaud
786 4408 814 4471 ie
835 4417 984 4486 remensi,
1013 4407 1151 4489 horspris
1180 4408 1319 4474 reillesce
1347 4417 1376 4472 et
1398 4418 1484 4474 autre
1505 4426 1569 4473 seu.
1612 4407 1650 4470 Et
1679 4407 1708 4470 ie
1729 4405 1774 4470 dit
1795 4407 1950 4468 monsieur

113 4521 247 4590 Thomas
269 4534 298 4588 et
326 4543 375 4590 ses
402 4525 484 4590 heins
512 4534 576 4592 tout
602 4526 749 4592 iauanhiit
778 4533 927 4591 tenement
953 4540 1010 4588 oue
1032 4524 1060 4588 le
1082 4527 1143 4608 hay
1165 4534 1194 4590 et
1215 4543 1274 4591 oue
1295 4536 1364 4592 tour
1387 4528 1430 4591 ies
1453 4534 1554 4592 autres
1582 4533 1823 4609 appartenanees
1845 4541 1884 4587 an
1906 4520 1951 4585 dit

113 4639 257 4724 heynand
280 4651 309 4708 et
331 4661 349 4708 a
371 4661 421 4708 ses
443 4649 582 4729 assigner
604 4653 748 4710 enoontre
770 4652 868 4708 tontes
889 4652 977 4726 genu
1005 4648 1196 4726 garantiront
1223 4662 1304 4725 pour
1326 4654 1389 4710 tout
1411 4644 1440 4728 ie
1461 4654 1556 4709 terme
1578 4644 1713 4708 aoantdit
1735 4661 1771 4707 eu
1800 4643 1830 4706 ia
1852 4640 1951 4704 forme

113 4759 237 4828 susdite.
282 4762 327 4827 En
349 4768 573 4846 tesmoignanee
595 4763 633 4828 de
655 4764 743 4845 quele
764 4764 856 4828 chose
877 4763 922 4827 les
943 4766 1057 4843 parties
1078 4763 1247 4828 auantdites
1269 4781 1287 4827 a
1309 4773 1405 4830 restes
1422 4764 1602 4829 endentures
1617 4769 1670 4827 ont
1691 4777 1758 4842 mys
1781 4760 1851 4824 loun
1871 4759 1951 4823 seais

115 4879 475 4965 entreehangeabiement.
517 4881 623 4948 Donne
646 4881 860 4960 aimundum,
894 4881 924 4946 le
945 4881 1044 4946 mardi
1071 4899 1108 4946 eu
1137 4881 1167 4947 ia
1196 4881 1272 4947 feste
1298 4881 1335 4947 de
1365 4884 1395 4948 ia
1425 4886 1550 4947 natiuite
1577 4886 1655 4946 seint
1675 4879 1753 4944 tohu
1771 4879 1805 4944 ‘le
1826 4879 1949 4959 baptist,

116 4994 164 5063 lan
187 4999 293 5065 suadit.
1578 4995 1591 5006 “

268 5286 293 5356 ¹)
320 5287 406 5342 uther
423 5290 466 5343 dio
483 5291 556 5353 Lago
574 5289 660 5343 dieser
679 5287 805 5342 Geotnoe
824 5291 897 5343 siehe
915 5290 1077 5355 hhtheiinnss
1092 5293 1113 5342 1.
1131 5285 1191 5357 85.
1375 5293 1400 5356 ²)
1431 5292 1548 5354 Tanites,
1566 5304 1617 5344 uon
1637 5291 1721 5353 piper,
1741 5289 1851 5354 Pithon
1878 5289 1949 5339 trao-

116 5373 215 5426 rtsiseh
232 5371 338 5438 toletan,
356 5375 473 5438 nuntient
492 5387 593 5440 groeci.
