4716 6330
879 658 989 756 llio,
1014 663 1081 734 liei
1106 660 1163 733 tl.
1883 664 1941 744 87

113 947 230 1010 lecimus
252 951 399 1024 patentes.
443 943 534 1008 'leste
555 946 709 1026 meipso,
733 953 808 1024 aput
829 944 1150 1024 Wectmonastetiurn,
1172 948 1352 1012 duodecimo
1374 949 1422 1012 die
1445 949 1534 1026 licii,
1557 965 1638 1012 anno
1659 953 1746 1034 regni
1770 948 1865 1013 nostri
1888 949 1941 1010 tri·

111 1067 216 1128 ceruum
236 1071 357 1142 enemo.

254 1182 313 1246 Per
333 1183 433 1262 ipsutn
456 1197 559 1266 regem
581 1191 611 1246 el
632 1183 670 1246 de
692 1183 762 1248 data
785 1184 936 1265 predicte,
966 1188 1145 1250 auctoritate
1168 1186 1379 1266 parliamenti,
1409 1194 1438 1250 et
1460 1203 1518 1268 pro
1540 1195 1653 1268 septem
1677 1185 1788 1251 marcis
1810 1193 1941 1264 quatuor

110 1301 208 1366 solidis
230 1309 261 1365 et
281 1310 415 1380 quatuor
435 1301 569 1366 decadis
590 1303 698 1367 solutis
719 1305 750 1366 in
774 1304 951 1384 banapen'o.

110 1555 262 1642 xcvi.
317 1561 533 1642 Vollrnncbt
571 1563 748 1642 obeeilen
779 1563 1105 1644 ommutescere
1136 1563 1193 1646 Sl.
1224 1565 1546 1670 Albmcsfllrll.
1578 1567 1730 1668 Poccp,
1770 1591 1835 1643 om
1867 1565 1942 1644 dae

223 1714 472 1794 Grmndslttclr
501 1722 543 1794 in
580 1711 796 1821 andepos
821 1715 930 1797 Lorne
959 1722 1000 1796 in
1029 1715 1164 1798 Bcsa‘ts
1192 1743 1240 1797 sa
1269 1718 1440 1800 nebmcn.
1502 1715 1618 1818 1456,
1650 1717 1732 1796 Μαι·
1760 1717 1838 1796 rt:

254 1895 403 1960 Nouerint
423 1899 554 1962 uniuersi
576 1914 632 1977 per
652 1905 810 1979 presentes
833 1913 889 1962 nos
910 1897 1095 1976 lobannem,
1130 1901 1330 1980 permissione
1353 1901 1456 1964 diuina
1480 1899 1626 1964 Annalem
1650 1900 1823 1963 monasterii
1846 1899 1941 1962 saneti

109 2014 222 2088 lllbanl,
244 2021 276 2078 et
295 2015 431 2080 eiusdem
453 2017 512 2080 loci
532 2026 717 2082 conmnmm
738 2016 863 2096 iecisse,
885 2019 1058 2096 ordinasse,
1092 2020 1284 2084 constituisse
1306 2027 1335 2084 et
1357 2018 1425 2082 loco
1448 2027 1553 2084 nostro
1588 2021 1600 2100 fl
1638 2019 1779 2096 posuisse
1800 2014 1942 2080 dilectum

110 2135 190 2200 uobis
212 2135 242 2196 in
266 2130 390 2198 cbristo
410 2134 572 2200 Ricardum
593 2135 694 2218 Parey
715 2146 853 2202 nonnum
875 2133 1031 2202 remm‘et
1057 2138 1223 2222 legitimum
1251 2145 1436 2202 alternatum
1465 2137 1503 2201 ad
1531 2135 1739 2218 recipiendum
1767 2149 1824 2214 pro
1854 2132 1942 2198 nobis

110 2261 136 2316 rt
154 2255 276 2318 nomine
297 2262 403 2317 nostro
424 2254 463 2319 de
484 2253 646 2335 llndnlpbo
668 2255 802 2335 Boteler,
826 2257 937 2335 milite,
959 2257 1083 2322 domino
1107 2256 1146 2320 de
1165 2256 1315 2338 Sudeley,
1339 2267 1368 2320 et
1388 2257 1527 2320 iohanne
1554 2253 1566 2340 11
1592 2251 1710 2334 llende,
1733 2257 1868 2330 iuniore,
1893 2270 1942 2316 nr·

110 2373 234 2454 nmero,
265 2373 313 2436 rel
334 2389 440 2438 eorum
462 2375 493 2436 in
515 2373 573 2438 bac
593 2375 682 2454 paroe'
705 2383 792 2440 certo
809 2383 977 2455 alternato,
1007 2378 1129 2457 plenam
1156 2386 1185 2440 et
1207 2379 1362 2456 pecitlearn
1385 2377 1526 2440 seleinam
1549 2393 1585 2440 ae
1607 2375 1831 2454 possessionem
1851 2372 1942 2436 dcet

110 2493 218 2556 inloto
240 2499 413 2558 tenemento
435 2508 492 2556 suo
514 2509 582 2556 curn
605 2495 687 2574 liupo
710 2495 880 2572 adiacente,
909 2496 1000 2560 dmul
1023 2511 1091 2559 cum
1114 2497 1255 2560 omnibus
1283 2493 1294 2578 ll
1320 2471 1599 2570 commoditatibus,
1633 2495 1819 2558 aelementis
1841 2499 1874 2556 et·
1892 2507 1941 2554 oe·

111 2615 175 2676 teris
195 2613 261 2678 suis
284 2613 473 2692 pertinentiis
494 2629 530 2677 ao
552 2614 668 2677 inritus
690 2615 947 2694 quitascnmque,
980 2615 1126 2696 predictis
1155 2623 1323 2680 tenemento
1351 2623 1380 2678 et
1410 2617 1491 2697 layo
1520 2614 1780 2693 qualitercumque
1803 2617 1942 2691 spectem

111 2732 199 2808 tlbus,
228 2733 349 2810 situatis
371 2733 402 2795 in
431 2731 549 2796 renella
577 2739 681 2796 uocate
702 2733 970 2817 Wyudegoselane
996 2736 1027 2800 in
1056 2733 1201 2814 parocbia
1224 2733 1369 2799 Omnium
1391 2733 1573 2799 Sanctorum
1602 2732 1640 2796 ad
1668 2729 1772 2796 lenem
1794 2727 1942 2806 london„

110 2851 270 2916 secundum
291 2853 368 2928 rim,
382 2872 387 2880 ·
402 2850 532 2914 lormem
555 2858 584 2914 et
606 2851 741 2917 ellectum
766 2854 921 2918 cuiusdam
952 2862 1034 2918 certe
1061 2869 1117 2932 per
1139 2854 1236 2918 dictos
1258 2853 1456 2933 lindolpbnm·
1483 2860 1512 2916 et
1533 2852 1701 2916 lobannem
1724 2849 1827 2914 llende
1850 2849 1941 2912 nobis

110 2969 238 3048 preiat'u,
264 2969 375 3034 Abbati
396 2973 426 3034 et
447 2973 618 3048 sonuertnt,
641 2972 713 3038 inde
733 2971 884 3050 conlaete3
916 2981 1017 3037 ratum
1039 2979 1068 3036 et
1089 2965 1213 3055 gratum·
1231 2971 1378 3036 trabentes
1399 2980 1429 3036 et
1451 2972 1609 3035 babituros
1631 2977 1725 3034 totum
1747 2977 1777 3033 et
1798 2966 1942 3048 qmcpuid

111 3090 258 3170 predictus
281 3097 450 3155 etmmstus
473 3099 575 3155 noster
597 3091 718 3154 nomine
741 3100 846 3154 nostro
866 3089 971 3155 lecerit
999 3093 1028 3153 in
1055 3092 1222 3169 premissis.
1273 3090 1305 3154 ln
1333 3093 1419 3154 cuius
1449 3093 1492 3154 rei
1521 3089 1723 3154 testimoninm
1752 3087 1942 3169 presentibus

110 3209 235 3292 sigillum
259 3216 404 3272 nostrum
419 3224 579 3272 commune
600 3210 809 3290 apposuimus.
855 3210 963 3274 lietum
985 3207 1234 3290 quatuordecimo
1256 3207 1304 3272 die
1326 3211 1438 3274 mensis
1460 3209 1542 3286 lleii,
1566 3225 1645 3272 anno
1669 3210 1754 3291 regni
1769 3209 1850 3290 regis
1865 3205 1942 3294 llan-

110 3330 158 3392 rlci
180 3331 256 3394 sexli
279 3335 351 3413 posi
372 3335 569 3408 conquestum
592 3329 745 3392 tricesimo
766 3337 885 3407 quarto.
921 3351 926 3374 ··

111 3581 285 3671 xovn.
334 3585 411 3668 ner
435 3587 565 3667 aare
588 3587 634 3666 n
660 3587 822 3670 naam
850 3615 924 3674 eon
949 3547 1118 3692 sacam
1146 3590 1228 3681 roa
1250 3590 1287 3670 r.
1311 3587 1449 3674 nacae
1477 3590 1698 3694 caracam
1731 3589 1818 3667 aem
1842 3587 1944 3666 aare

148 3769 219 3824 con
245 3740 305 3831 Sl.
325 3742 483 3862 ¹Albona
510 3741 586 3824 dor
611 3741 859 3824 Grrmdclltnlr
881 3743 963 3826 ond
986 3742 1071 3846 Knp
1095 3749 1136 3822 irc
1158 3742 1376 3846 andepos
1400 3741 1519 3824 banc.
1581 3739 1698 3842 meo,
1731 3739 1813 3823 Mor·
1838 3739 1898 3819 1n.

255 3921 361 3990 Solem
376 3933 533 4004 presentes
554 3933 584 3987 et
604 3923 697 3988 loturi
719 3925 801 4005 quod
822 3939 889 4002 nos,
912 3922 1091 4004 lladulpbus
1109 3922 1238 4001 Boteler,
1262 3925 1359 4002 miles,
1381 3925 1523 3989 dominus
1541 3921 1579 3986 de
1595 3920 1730 4004 Sudeley
1747 3929 1776 3986 et
1791 3921 1944 3984 lohannes

110 4041 206 4110 llende
225 4045 340 4123 iunior,
361 4045 510 4126 armiger,
542 4043 696 4120 dedimus,
724 4045 929 4109 concessimus
966 4041 978 4125 ll
1014 4050 1044 4106 et
1066 4042 1123 4108 bae
1144 4043 1278 4122 presenti
1301 4051 1383 4108 carte
1406 4051 1509 4107 nostre
1533 4043 1780 4106 confirmabimus
1801 4040 1942 4117 lobanni,

112 4165 309 4241 permissione
328 4161 432 4227 diuina
452 4162 556 4227 abbati
579 4164 754 4226 monasterii
782 4165 877 4227 sancti
900 4163 1025 4240 Albani,
1060 4171 1088 4226 et
1116 4161 1251 4226 eiusdem
1282 4163 1340 4226 loci
1368 4164 1530 4226 conuentnl
1559 4170 1653 4226 totum
1692 4161 1704 4244 ll
1741 4169 1943 4225 tenementum

111 4291 241 4348 matrum
264 4297 334 4351 curn
356 4283 437 4363 lreyo
459 4280 615 4347 adiacente
635 4275 723 4364 (mie
744 4279 781 4347 in
802 4278 1082 4367 ocrberpelrender
1105 4273 1354 4348 Natum.
1378 4280 1455 4363 bis)
1482 4281 1664 4362 aquilonari.
1708 4277 1799 4361 Quod
1822 4279 1944 4359 quidem

112 4407 311 4478 tmernentum
331 4415 401 4464 cnm
424 4401 506 4482 liupo
528 4402 685 4466 relucente
706 4408 734 4464 et
755 4403 819 4464 suris
840 4401 1030 4480 pertinentiis
1050 4400 1195 4482 predictis
1218 4417 1274 4466 nos
1294 4399 1405 4481 prelati
1418 4399 1597 4480 lladulpbus
1613 4399 1731 4462 lioteler
1753 4406 1782 4461 et
1791 4398 1944 4462 lebannes

112 4518 210 4585 lleude
231 4537 331 4600 nuper
350 4520 512 4585 babuimus
530 4521 636 4598 uobis,
670 4519 832 4586 bersdibus
854 4527 884 4583 et
904 4520 1067 4603 assignetis
1091 4521 1202 4584 nostrie
1225 4505 1446 4599 imperpetuum
1466 4535 1505 4582 ex
1527 4519 1717 4594 dimissione,
1741 4516 1944 4594 leodemento,

114 4639 285 4717 tradicione,
307 4637 581 4706 delibemeiooeet
602 4637 836 4704 condrmacione
859 4637 1006 4703 willelmi
1028 4637 1196 4721 lllnerrylr,
1219 4639 1420 4718 permissione
1440 4637 1550 4702 diuino
1566 4636 1776 4701 lincolnensis
1798 4635 1944 4716 episcopi,

112 4755 255 4824 lobannis
276 4757 377 4840 Ftrep,
400 4758 540 4838 capiatis
555 4760 694 4823 ‘hemme'
707 4759 852 4823 scaccarii
867 4755 988 4822 domini
1011 4759 1101 4841 repis,
1125 4766 1154 4821 et
1175 4752 1292 4822 'lbome
1305 4755 1486 4835 liotbelrell,
1509 4759 1601 4838 prout
1622 4767 1678 4837 per
1699 4755 1852 4835 abendam
1875 4770 1944 4818 eer-

116 4883 170 4940 tatn
192 4893 290 4955 suem,
313 4880 400 4942 cuius
422 4875 525 4942 datum
548 4885 594 4941 est
616 4875 780 4956 bondonis,
803 4876 983 4942 duodecimo
1004 4875 1053 4940 die
1075 4879 1187 4942 mensis
1208 4877 1392 4955 Decembris,
1416 4885 1498 4940 nuno
1511 4877 1604 4960 regni
1628 4879 1708 4958 regis
1727 4873 1847 4938 llerrrlei
1869 4877 1945 4938 sexti

114 5003 180 5072 post
200 5005 400 5076 conquestum
421 4999 563 5060 rnedmo
585 5003 680 5074 sexto,
703 4997 776 5060 inde
796 4993 964 5061 conlectam
986 4995 1107 5075 plenius
1128 4998 1309 5074 continetur,
1332 4995 1505 5062 babendum
1527 4996 1557 5060 e't
1578 4994 1739 5058 tenendam
1762 5001 1856 5058 tctnm
1875 5011 1945 5076 pre·

116 5111 223 5178 dictum
244 5121 445 5179 tenementum
468 5131 536 5179 curn
559 5115 640 5196 lrayo
663 5112 837 5193 adiacente,
871 5115 962 5178 simul
985 5131 1054 5178 eum
1082 5116 1222 5180 omnibus
1251 5116 1530 5192 commoditatibus,
1564 5116 1750 5178 aisiamentis
1779 5123 1809 5178 et
1837 5115 1944 5178 celeris

116 5235 174 5296 suis
195 5235 386 5326 pertinentiis.
405 5251 441 5300 ac
463 5233 580 5298 iuribus
608 5235 754 5298 uniuersis
783 5231 909 5315 prelatis
938 5233 1041 5298 abbati
1068 5243 1097 5298 et
1124 5236 1283 5301 conuentui
1312 5251 1350 5298 ec
1376 5234 1602 5300 successoribus
1630 5235 1694 5298 suis
1722 5235 1945 5315 imperpetuum

117 5347 150 5413 de
170 5353 351 5434 capitalibus
373 5352 504 5420 dominis
526 5351 608 5418 leodi
630 5353 711 5418 illius
734 5369 788 5435 per
809 5354 940 5419 seruicia
963 5351 1032 5418 inde
1055 5352 1155 5418 debita
1178 5354 1266 5417 etde
1289 5357 1354 5418 iare
1376 5361 1531 5418 consueta.
1582 5353 1613 5420 ln
1638 5354 1723 5418 cuins
1746 5355 1789 5418 rei
1811 5357 1945 5420 testimo·
