4716 6330
400 639 459 720 28
889 639 998 737 1401,
1026 642 1217 736 September
1243 643 1276 713 5.
1302 683 1353 694 --
1389 639 1496 735 1408,
1524 644 1667 716 Februor
1693 642 1752 714 25.

401 993 562 1080 XLVI.
607 1001 688 1082 Der
717 1001 928 1106 Moprstrot
959 1005 1029 1084 der
1061 1002 1180 1084 Stodt
1211 1005 1337 1086 Neso-
1352 1003 1489 1086 Oostle
1519 1029 1572 1085 oo
1602 1005 1673 1086 dor
1709 1006 1810 1108 lboe
1846 1005 1969 1088 dasle
1999 1006 2232 1110 dorojero'goe

400 1179 448 1232 au
470 1151 684 1232 Stroloaued
704 1153 772 1257 sor
793 1156 856 1234 dic
876 1154 1095 1259 Aesoobme
1117 1163 1223 1237 does
1243 1157 1540 1260 Abpeordooteo
1562 1156 1644 1237 seed
1663 1157 1880 1263 comete
1905 1167 1998 1262 pete
2018 1155 2234 1262 Aefrsoluoe
2349 1228 2350 1239 .

460 1306 792 1387 strolsuodiaober
824 1305 970 1412 Sobiffe
999 1309 1081 1388 uod
1106 1309 1350 1415 Seoduopeo,
1385 1310 1486 1391 acci
1508 1309 1781 1416 Belbrderoog
1813 1317 1919 1391 does
1944 1307 2179 1393 Sobreibeos

882 1488 934 1543 co
965 1463 1040 1542 deo
1070 1462 1203 1568 Kooip.
1264 1463 1384 1564 1401,
1417 1463 1639 1569 September
1664 1465 1700 1544 5.
1721 1463 1757 1566 ¹)

549 1640 734 1705 Reuerendis
770 1650 798 1705 et
833 1642 970 1708 discretis
1006 1645 1077 1708 viris
1105 1641 1288 1709 Consulibus
1322 1651 1351 1708 et
1376 1644 1624 1728 Borgimagistris
1652 1641 1791 1709 Ciuitatis
1819 1643 2097 1710 Stralessnndensis
2128 1642 2230 1723 llaior,
2345 1704 2352 1739 ,

397 1759 573 1824 vicecomes
594 1767 624 1823 et
645 1757 852 1825 Commoditas
874 1761 944 1826 ville
966 1761 1043 1826 Noui
1066 1761 1165 1826 castri
1188 1779 1280 1843 super
1301 1762 1419 1844 'lyram
1440 1765 1473 1826 iu
1495 1761 1605 1848 dnglia
1627 1764 1755 1828 saluom
1777 1779 1846 1828 oum
1869 1765 2042 1828 reuerenclo
2065 1767 2181 1846 pariter
2201 1773 2228 1830 et

397 1877 523 1943 bonore.
568 1876 652 1944 Scire
674 1879 815 1962 dignetur
837 1887 934 1943 restra
956 1879 1103 1945 discrecio
1125 1881 1295 1945 veneranda
1317 1897 1374 1946 uos
1396 1891 1512 1946 uestras
1534 1883 1637 1946 literas
1659 1881 1853 1946 honorabiles
1874 1899 1930 1963 per
1958 1899 2066 1947 manus
2089 1882 2234 1947 lobannis

399 1994 554 2075 Stemeke,
578 1999 673 2062 nostri
696 1999 875 2080 burgensis,
890 2016 986 2080 nuper
1008 1973 1167 2082 recepisse,
1190 2003 1238 2064 cui
1261 2009 1390 2064 nestram
1415 2001 1660 2065 benetrolenciam
1683 2017 1718 2064 ae
1741 1999 1924 2080 nutuptices
1945 2009 2048 2083 grates
2069 2010 2175 2066 nostre
2192 2003 2233 2066 di·

400 2113 543 2178 leccionis
565 2117 683 2193 iutuitu,
706 2125 797 2197 prout
819 2118 906 2181 nobis
930 2119 1041 2196 retulit,
1065 2119 1266 2184 amicabiliter
1287 2120 1466 2196 intimastis;
1502 2119 1691 2200 eundemque
1711 2117 1880 2183 iohannem
1903 2121 1933 2182 iu
1955 2122 2020 2184 suis
2042 2121 2172 2202 agendis
2192 2120 2234 2185 el·

398 2233 520 2298 dcacius
540 2235 770 2313 pertractando,
801 2235 880 2300 vnde
901 2238 985 2300 robis
1008 2254 1045 2300 ex
1068 2245 1130 2301 toto
1152 2239 1247 2303 nostri
1269 2236 1371 2301 cordis
1392 2237 1543 2302 desiderio
1572 2239 1676 2303 intime
1704 2241 1912 2322 regraciamur
1940 2250 2009 2302 cnm
2035 2239 2157 2303 allecto.
2202 2239 2234 2302 111

397 2359 541 2430 quantum
564 2353 603 2417 ad
624 2355 819 2436 grammius,
855 2365 946 2436 prout
968 2357 998 2418 in
1020 2355 1107 2420 dictis
1130 2355 1227 2422 literis
1254 2359 1360 2421 uestris
1389 2357 1575 2440 continetur,
1609 2355 1790 2421 vestratibus
1816 2356 1916 2434 illata,
1952 2365 2005 2421 aut
2026 2356 2112 2436 qnod
2135 2358 2234 2438 aliqua

396 2471 545 2536 discensio
568 2474 646 2536 inter
668 2489 720 2536 vos
742 2481 771 2537 et
792 2473 924 2554 aliquem
947 2482 1239 2539 nostratuum-esset
1261 2477 1334 2538 inita
1357 2492 1410 2539 seu
1428 2483 1507 2554 orta,
1530 2474 1739 2557 multipliciter
1757 2474 1964 2540 condolemus.
1998 2474 2234 2556 lnsuperqnoad

396 2591 515 2654 literam
538 2597 669 2654 vestram
691 2590 942 2656 excellentissimo
964 2593 1096 2673 principi
1118 2601 1147 2658 et
1173 2593 1245 2656 dno.
1273 2593 1345 2656 dno.
1376 2601 1480 2658 nostro
1507 2593 1580 2678 Regi
1611 2593 1721 2678 dnglie
1747 2601 1777 2656 et
1804 2594 1929 2658 Francie
1958 2594 2104 2658 directam
2137 2597 2235 2676 ipsum

397 2708 494 2772 eidem
517 2705 716 2774 Sereuissimo
738 2711 866 2791 principi
888 2710 960 2775 duo.
984 2720 1089 2776 nostro
1111 2711 1186 2795 Regi
1206 2711 1410 2777 festinacione
1438 2729 1498 2792 qua
1520 2713 1679 2777 commode
1701 2713 1882 2794 poterimus,
1915 2711 2081 2778 secundum
2104 2712 2233 2778 tonnam
2354 2725 2355 2786 j

397 2829 485 2905 copie
508 2827 592 2890 litere
616 2829 702 2892 nobis
724 2831 901 2893 transmisse
922 2830 1166 2908 presentabimus
1192 2845 1261 2894 cum
1291 2831 1408 2895 affectu.
1458 2829 1599 2897 seientes
1620 2845 1678 2912 pro
1706 2831 1814 2908 llrmo,
1847 2831 1930 2912 quod
1956 2849 2025 2898 eum
2054 2839 2085 2896 et
2111 2834 2234 2913 quando

395 2947 541 3026 placuerit
564 2947 716 3026 aliquibus
738 2956 921 3011 resnamum
943 2956 1045 3027 partes
1067 2957 1097 3010 et
1118 2949 1220 3012 villam
1244 2956 1378 3013 nostram
1401 2965 1470 3014 cum
1497 2951 1604 3013 resins
1633 2949 1763 3014 nauibm
1791 2965 1845 3014 seu
1874 2951 2078 3014 mercimoniis
2100 2953 2232 3028 visitare,

395 3072 539 3144 quantum
562 3065 593 3129 in
617 3066 703 3130 nobis
724 3073 768 3129 est
791 3075 819 3129 et
841 3065 1006 3130 secuudum
1028 3073 1123 3130 totum
1145 3076 1283 3132 nostrum
1306 3083 1410 3149 posse,
1433 3067 1525 3150 digne
1545 3075 1576 3131 et
1597 3066 1798 3132 amicabiliter
1818 3069 2017 3147 recipientur,
2051 3085 2112 3149 que
2135 3073 2233 3134 cousi·

397 3185 480 3250 milia
498 3184 719 3249 mercatoribus
732 3185 769 3263 ⁹)
786 3185 897 3249 nostris
915 3184 996 3272 apud
1015 3201 1069 3250 ros
1085 3185 1149 3250 lieri
1167 3201 1288 3264 semper
1309 3187 1449 3264 cupimus
1466 3192 1496 3248 et
1512 3199 1684 3266 speramus·
1720 3185 1860 3250 Vestram
1875 3189 2121 3268 prosperitatem,
2144 3196 2235 3269 prout
2355 3179 2356 3270 s

393 3313 545 3381 nostram,
578 3311 756 3385 perpetuam
784 3312 942 3368 conseruet
970 3303 1136 3368 altissimus
1166 3305 1300 3386 gloriose
1321 3302 1456 3388 Virginis
1484 3306 1659 3368 intemerate
1684 3304 1766 3368 dlius
1793 3321 1849 3385 per
1870 3311 2008 3386 tempora
2029 3307 2156 3390 longina
2179 3308 2231 3372 du-

393 3433 507 3487 ratura.
553 3423 584 3486 lu
606 3424 692 3488 cuius
713 3423 757 3486 rei
780 3423 982 3486 testimouium
1004 3420 1060 3486 bas
1082 3423 1187 3486 literas
1209 3431 1329 3486 nostras
1352 3421 1417 3486 deri
1439 3421 1566 3486 lecimus
1587 3429 1742 3502 patentes,
1777 3429 1880 3488 nostro
1907 3426 1964 3488 sub
1986 3425 2088 3508 sigo'llo
2110 3399 2232 3508 consig-

393 3549 490 3607 natas.
536 3541 645 3606 Datum
667 3542 748 3621 apud
772 3542 882 3605 dictam
905 3539 1009 3604 villam
1031 3549 1166 3604 nostram
1189 3539 1268 3605 Noui
1291 3537 1390 3604 Castri
1412 3557 1506 3622 super
1527 3541 1668 3622 Tynam:
1702 3543 1805 3621 qcuinto
1828 3542 1877 3605 die
1897 3545 2011 3608 mensis
2031 3539 2231 3624 Septembris,

393 3661 481 3724 Anno
502 3659 572 3725 uni.
595 3661 758 3725 llillesimo
780 3660 1079 3742 qstadriugentesimo
1100 3661 1212 3740 primo.

254 3907 257 3918 ⁴
393 3866 574 3951 xnvtl.
622 3873 703 3952 Dea
731 3871 901 3973 Kduipea
931 3869 1116 3950 Heiouu‘ob
1144 3869 1211 3950 IV.
1250 3871 1394 3974 Besebl
1432 3895 1485 3951 oo
1521 3871 1585 3952 die
1613 3871 2020 3977 Erbebuopsbeomteo
2052 3871 2121 3975 site
2160 3875 2233 3954 deu

424 4023 598 4105 Zebuterc
627 4021 708 4102 uod
736 4021 879 4102 bolbeo
910 4021 1104 4124 Zeboten,
1143 4020 1360 4125 betreffeod
1388 4023 1601 4130 Befrec'oop
1632 4023 1703 4105 der
1733 4024 1969 4105 boosiocbeo
1998 4023 2207 4127 Koaafieote

505 4202 578 4256 oon
609 4175 843 4276 demselbero,
875 4171 1000 4276 1408,
1032 4175 1206 4255 Febroor
1229 4173 1298 4277 26,
1329 4177 1411 4257 cod
1440 4175 1695 4283 dessalloiper
1724 4183 1938 4286 pdoattper·
1955 4177 2118 4280 Bereobt

856 4330 928 4410 der
959 4325 1279 4410 Steuerbeomteo
1307 4355 1391 4410 com
1419 4330 1565 4412 11111·
1593 4332 1630 4412 d.
1654 4332 1691 4410 J.
1724 4327 1761 4432 ³)

505 4574 511 4582 .
543 4495 703 4572 liodricus,
726 4493 906 4574 belgrado
930 4510 983 4558 rer
1006 4491 1114 4577 duglie
1135 4501 1165 4558 et
1180 4469 1327 4572 francie,
1350 4503 1380 4558 et
1401 4494 1542 4588 dominus
1564 4495 1723 4573 llibemie,
1745 4493 1887 4563 omnibus
1910 4495 1949 4560 ad
1972 4509 2049 4576 quos
2070 4505 2228 4576 presentes

391 4617 476 4680 litere
493 4614 695 4696 peruenerint,
714 4613 855 4676 salutem.
887 4612 1077 4692 inspeximus
1093 4611 1253 4676 recordnm
1270 4619 1300 4676 et
1315 4628 1491 4693 processum
1510 4615 1540 4677 in
1556 4615 1664 4680 iilaeiis
1683 4614 1866 4678 cancellarie
1879 4621 1987 4678 nostre
2003 4614 2035 4677 iu
2050 4613 2108 4679 bec
2123 4617 2232 4681 verbe:

542 4733 655 4797 Placita
684 4747 788 4795 coram
810 4729 934 4794 domino
963 4747 1034 4814 rege
1056 4733 1086 4794 iu
1110 4723 1291 4795 cancellaria
1313 4735 1420 4798 suain
1443 4731 1594 4814 quindena
1616 4742 1717 4798 sancte
1738 4731 1911 4810 Trinitatis,
1935 4747 2016 4797 anno
2037 4734 2125 4815 regni
2148 4737 2228 4818 regis

389 4853 509 4924 Hendci
531 4851 632 4932 quarti
653 4858 723 4929 post
743 4858 941 4929 conquestum
965 4865 1045 4914 nono
1064 4847 1199 4927 hennon,
1221 4867 1265 4914 sc.
1289 4851 1435 4916 Dominus
1459 4870 1511 4916 rer
1525 4852 1686 4919 mandarit
1708 4853 1797 4916 breve
1819 4865 1908 4917 snum
1930 4851 2067 4918 clausum
2081 4852 2226 4920 collecto-

464 5143 484 5164 *
546 5155 570 5222 ¹)
596 5155 655 5207 Ans
674 5156 734 5208 dem
753 5156 888 5221 originale
905 5159 953 5210 des
972 5155 1099 5211 ,treutves
1118 5173 1150 5213 an
1169 5157 1318 5212 Stralsnud.
1479 5159 1505 5225 ¹)
1533 5160 1591 5211 stet

544 5251 570 5325 8’)
597 5255 656 5312 Aos
675 5260 748 5312 einer
759 5251 978 5326 bambargiseben
991 5257 1137 5314 Absebrtlt.
1173 5263 1299 5314 lidberttn
1315 5261 1443 5315 Analeda
1460 5263 1540 5314 medii
1557 5261 1614 5315 aeri
1633 5275 1658 5326 p.
1670 5259 1705 5315 el
1718 5273 1760 5325 sc·
1777 5262 1823 5314 bet
1839 5261 1914 5316 diest
1924 5251 2090 5316 bocumebte
2108 5261 2137 5316 ln
2157 5265 2227 5316 einer

389 5345 560 5409 nesuocung
576 5344 664 5408 llonlg
681 5344 794 5414 llenrr’s
813 5346 853 5408 1.,
874 5344 948 5411 teto,
967 5347 1115 5402 November
1131 5343 1174 5412 15,
1193 5346 1260 5400 docb
1280 5347 1341 5400 sebe
1359 5345 1499 5401 leblerbelt
1516 5345 1686 5410 abgedrnclt.
