4834 6338
486 637 572 721 140
1192 629 1302 728 1474,
1327 633 1509 708 December
1536 631 1594 704 14.

482 923 622 1001 Fowler,
659 922 839 988 cancellario
873 921 987 986 domini
1020 923 1101 1003 regis
1128 918 1255 986 domtus
1287 923 1335 986 sui
1364 920 1635 997 Laucmterieusis,
1665 916 1817 998 quoddam
1847 919 2034 1002 mesuagium
2064 921 2135 982 siue
2161 917 2298 998 uuanmn

484 1044 614 1120 cunum,
636 1050 772 1106 uocatam
795 1042 823 1106 le
846 1038 1006 1125 Stoleleos,
1029 1040 1105 1104 alias
1129 1037 1157 1104 le
1181 1035 1367 1127 Styleyerd,
1390 1043 1529 1104 situatam
1557 1039 1588 1102 iu
1610 1037 1753 1118 parocbia
1776 1035 1920 1100 Omnium
1941 1035 2126 1102 &ueterum
2149 1051 2255 1120 magne
2273 1042 2298 1100 in

439 1121 456 1154 ‘
483 1159 691 1224 Themestrete
711 1159 879 1240 bondonie,
908 1179 944 1225 ae
966 1161 1067 1224 omnia
1089 1159 1166 1238 elie,
1189 1131 1303 1237 terras,
1328 1165 1503 1236 tenemento,
1526 1167 1555 1222 et
1576 1159 1798 1237 possessiones,
1821 1164 1924 1221 nostra
1945 1173 2014 1220 eum
2035 1157 2104 1220 suis
2125 1157 2298 1236 pertinentiis

482 1281 513 1342 in
535 1278 639 1343 eadem
661 1278 816 1358 parochia,
839 1295 898 1358 une
919 1279 1072 1358 quondam
1094 1276 1215 1342 luerunt
1230 1277 1376 1344 lobannis
1397 1277 1566 1360 lieynwell
1588 1293 1686 1357 nuper
1705 1277 1829 1340 maioris
1850 1275 1979 1340 ciuitatis
2001 1273 2152 1354 predicte,
2173 1273 2297 1338 babmda

481 1406 510 1462 et
532 1398 660 1462 tenenda
682 1396 813 1476 eisdem,
836 1399 954 1476 comiti,
976 1396 1106 1461 lubanni
1121 1395 1183 1478 Say
1205 1406 1234 1460 et
1255 1396 1384 1462 llicurdo
1405 1413 1423 1460 a
1445 1395 1521 1460 lusto
1543 1397 1637 1461 mucci
1658 1395 1814 1460 lliclraelis
1834 1393 2009 1476 archangeli
2020 1397 2093 1458 iam
2117 1393 2220 1458 rlbmc
2240 1409 2297 1472 pre·

481 1519 569 1582 terito
585 1533 678 1598 usque
699 1517 809 1582 iestnm
832 1515 944 1597 pasche
965 1519 1102 1595 proxime
1124 1515 1274 1596 interum
1297 1515 1450 1581 reddendo
1472 1515 1542 1580 iude
1563 1517 1650 1580 nobis
1672 1523 1701 1579 et
1715 1513 1940 1578 successoribus
1962 1513 2298 1596 uostris·uuiuunaginta

481 1635 558 1700 duas
575 1636 681 1714 libras,
703 1635 807 1700 decem
826 1644 894 1700 octo
910 1635 1024 1700 solidos
1041 1644 1071 1699 et
1086 1635 1189 1700 decem
1207 1635 1348 1699 denarios
1366 1634 1580 1716 sterlingorum
1595 1632 1635 1696 ed
1652 1631 1728 1698 leste
1744 1632 1853 1697 natalis
1864 1631 1984 1697 Domini
2000 1640 2030 1696 et
2041 1630 2162 1696 Poscbe
2174 1633 2296 1712 proxime

480 1757 542 1819 iam
561 1755 727 1835 sequeutia,
748 1771 806 1836 per
823 1754 945 1834 equales
963 1756 1122 1833 porciones
1140 1753 1296 1828 soluenda,
1319 1761 1410 1834 prout
1427 1770 1483 1834 per
1499 1753 1624 1818 eandem
1642 1753 1831 1817 indenturam
1849 1753 1970 1832 plenius
1986 1760 2134 1832 apperet;
2157 1751 2296 1826 ueneritis,

482 1890 550 1952 uus,
581 1871 733 1953 prelatum
754 1875 901 1937 maiorem
922 1882 952 1936 et
974 1875 1189 1950 camerarium,
1219 1873 1368 1954 recepisse
1395 1881 1424 1935 et
1449 1872 1591 1937 babuisse
1620 1872 1669 1936 die
1689 1871 1885 1936 contentionis
1905 1873 2092 1952 presentium
2116 1869 2156 1934 de
2176 1869 2296 1951 predicto

480 1991 611 2058 Ricardo
633 1991 753 2056 Fowler
775 1993 992 2076 uumpuagium
1014 1993 1091 2057 duas
1113 1993 1216 2068 libras,
1240 1992 1344 2054 decem
1366 1997 1434 2054 octo
1456 1990 1572 2055 solidus
1593 1992 1746 2058 etdeeem
1767 1990 1909 2056 deuanos
1929 1993 1960 2054 iu
1982 1989 2107 2070 plenam
2130 1989 2294 2053 solutionem

479 2111 607 2192 predicti
635 2110 786 2188 redditus,
820 2108 953 2174 indicta
982 2110 1140 2176 iudentnre
1166 2111 1345 2190 speciilcati,
1374 2125 1433 2190 pro
1454 2110 1597 2191 predictis
1624 2112 1758 2176 terminis
1787 2110 1897 2174 namtis
1918 2109 2037 2173 Domini
2059 2117 2090 2174 et
2111 2107 2242 2184 Pascite,
2268 2125 2294 2170 ae

479 2230 594 2296 eisdem
606 2231 719 2313 comiti,
731 2229 861 2294 lobanni
872 2228 935 2311 Say
946 2239 975 2294 et
986 2230 1116 2294 llicardo
1127 2229 1247 2295 Fowler
1263 2229 1449 2294 concessisse
1466 2245 1522 2310 per
1537 2238 1702 2312 presentes,
1721 2229 1801 2310 quod
1813 2231 1872 2310 ipsi
1881 2229 1920 2294 de
1930 2227 2081 2292 solutione
2091 2227 2292 2309 predictorum,

479 2351 698 2433 qninquaginta
708 2348 837 2414 duarum
847 2349 1005 2427 librarum,
1017 2350 1121 2414 decem
1130 2359 1199 2414 octo
1211 2348 1379 2413 solidorum
1390 2357 1420 2412 et
1430 2349 1532 2414 decern
1544 2348 1747 2424 denariorum,
1759 2347 1875 2412 indicta
1886 2347 2043 2412 indentura
2055 2347 2291 2428 specificatomm

479 2470 688 2549 inposterum
710 2465 848 2532 iacienda
863 2470 937 2562 sint
956 2469 1075 2547 penitus
1097 2469 1188 2547 quieti
1217 2475 1247 2530 et
1267 2469 1422 2534 exonerati
1449 2485 1486 2532 ac
1507 2465 1699 2533 omnimodas
1718 2469 1857 2532 acciones
1879 2476 1909 2532 et
1931 2467 2096 2532 demandas
2118 2483 2177 2548 pro
2198 2465 2292 2528 eisden

480 2587 612 2651 denariis
630 2585 753 2668 prelatis
771 2587 884 2664 comiti,
905 2585 1037 2650 lobauni
1048 2583 1111 2669 Sey
1122 2595 1151 2650 et
1161 2585 1292 2652 llicardo
1307 2588 1459 2652 remisisse
1476 2595 1507 2650 et
1522 2585 1675 2652 relaxasse
1691 2603 1746 2666 per
1762 2595 1932 2668 presentes;
1954 2589 1996 2652 ita
2014 2587 2099 2668 quod
2111 2602 2167 2649 nos
2185 2583 2292 2666 perinde

480 2707 574 2787 ipsos,
596 2707 748 2784 comitem,
763 2705 931 2768 iohannem
943 2701 1144 2768 etlliesrdum
1162 2707 1192 2768 in
1209 2713 1363 2787 posterum
1380 2721 1441 2769 nou
1457 2705 1684 2780 molestabimus
1701 2723 1755 2769 uec
1772 2708 1968 2789 grauabimus
1980 2723 2104 2786 quoquo
2117 2705 2217 2783 modo,
2237 2721 2291 2784 pre·

480 2823 568 2888 dictis
579 2824 737 2888 indenture
748 2823 1001 2888 etdimissionein
1013 2823 1116 2902 aliquo
1127 2826 1397 2890 nonobstantibus.
1419 2824 1813 2890 lncuiusreitestimouium
1823 2825 2291 2910 tamsigillnmolllciimaioratns

453 2957 456 2970 ’
480 2944 610 3007 ciuitatis
632 2942 784 3023 predicte,
812 2957 904 3022 quam
927 2942 1061 3024 sigilium
1089 2941 1181 3007 offleii
1209 2946 1367 3008 camerarii
1389 2943 1522 3008 eiusdem
1543 2945 1674 3008 ciuitatis
1695 2945 1885 3024 presentibus
1910 2944 2052 3011 duximus
2081 2942 2289 3027 apponendum.

478 3060 588 3126 Datum
611 3061 822 3128 terciodecimo
844 3060 892 3126 die
913 3059 1096 3140 Decembris,
1120 3078 1199 3128 auno
1221 3065 1308 3147 regni
1328 3062 1421 3148 liegis
1442 3061 1588 3128 Edwardi
1609 3064 1709 3143 quarti
1735 3073 1805 3143 post
1826 3072 2022 3145 conquestum
2044 3064 2272 3146 quartodecimo.

479 3280 683 3370 cxxvi.
726 3288 850 3394 Kbua'p
870 3288 1042 3369 Edmurd
1064 3288 1130 3370 IV.
1157 3290 1313 3370 oribeili
1336 3292 1411 3372 dea
1434 3290 1660 3394 Koafleulcu
1684 3315 1757 3372 ooo
1782 3292 1852 3372 der
1873 3293 2089 3376 detdcclreu
2114 3289 2290 3374 Geminis

542 3441 670 3546 freiero
700 3441 857 3522 Hordei
884 3449 925 3521 io
954 3441 1138 3547 Duplorud
1164 3445 1246 3523 uod
1276 3445 1351 3527 deu
1380 3445 1523 3526 Belum
1554 3443 1624 3524 dcc
1654 3443 1894 3551 conspicetur
1926 3447 2036 3528 zoile
2068 3447 2128 3528 bis
2156 3465 2234 3526 mero
2361 3447 2362 3488 i

849 3594 1018 3698 Beloofe
1046 3621 1119 3676 ooo
1150 3597 1317 3698 10,000
1330 3601 1375 3679 i.
1436 3598 1551 3702 1474,
1583 3599 1794 3680 December
1818 3599 1877 3679 14.
1897 3599 1933 3704 ¹)

631 3777 816 3858 Edwardus,
838 3778 894 3842 Dei
914 3777 1017 3862 gracia
1040 3795 1094 3841 rex
1116 3777 1224 3865 duglie
1246 3790 1275 3844 et
1295 3782 1419 3846 Francie
1440 3790 1472 3845 et
1492 3780 1631 3844 domiuus
1652 3779 1810 3860 liibemie‚
1833 3785 1971 3848 omnibns
1992 3785 2031 3850 sd
2054 3801 2132 3865 quos
2152 3785 2287 3862 presentes
2360 3787 2361 3810 ¹

479 3898 564 3961 litere
585 3900 796 3980 perueneriut,
828 3897 967 3961 salutcm.
1011 3893 1120 3961 Sciatis
1146 3899 1227 3978 qaod
1251 3914 1321 3979 nos,
1355 3899 1579 3966 considerantes
1606 3900 1737 3981 puriter
1762 3900 1890 3982 grandia
1916 3902 2049 3984 dampna
2071 3893 2286 3970 mercatoribus

479 4013 593 4080 Hense
616 4014 805 4100 theutonice,
829 4017 903 4098 ipsis
924 4013 1071 4096 uidelicet,
1095 4018 1145 4096 qui
1167 4013 1301 4086 (iiddom
1322 4017 1432 4084 culum
1454 4015 1669 4086 theutonicum
1690 4021 1720 4082 iu
1737 4018 1873 4088 london.
1892 4005 2081 4102 babuerunt,
2095 4039 2151 4104 per
2170 4015 2286 4083 subditos

480 4150 591 4198 corone
613 4143 715 4199 nostre
737 4135 846 4218 lluglie
867 4133 989 4200 luerunt
1010 4134 1115 4214 illato,
1148 4151 1263 4216 nosque
1285 4137 1418 4202 nolentes
1440 4141 1541 4202 omnia
1563 4137 1633 4202 odia
1660 4146 1689 4202 et
1710 4138 1935 4222 displicencias,
1962 4159 2021 4222 que
2041 4159 2147 4207 uersus
2168 4134 2285 4204 subditos
2359 4219 2360 4230 ἵ

479 4263 600 4318 nostros
622 4262 749 4338 gerunt,
783 4257 944 4336 exstirpari
966 4263 995 4318 et
1016 4255 1150 4333 aboleri,
1182 4256 1213 4319 iu
1236 4254 1470 4322 satisfactionem
1492 4265 1521 4320 et
1542 4259 1850 4336 recompensationem
1872 4260 2072 4342 dampnorum
2088 4260 2228 4332 illorum,
2255 4249 2285 4312 de
2359 4247 2360 4290 ³

477 4377 581 4456 gracia
603 4381 706 4438 nostra
728 4371 853 4452 speciali
875 4388 912 4436 sc
933 4372 973 4437 ei
992 4382 1074 4438 cerie
1096 4375 1220 4439 scientia
1241 4382 1271 4439 et
1291 4391 1375 4450 mero
1397 4384 1481 4440 mutu
1503 4377 1631 4454 uostris,
1660 4378 1853 4443 concedimus
1873 4387 1902 4442 et
1923 4379 2073 4444 licentiam
2096 4380 2199 4444 damus
2219 4387 2283 4436 mer·

478 4493 631 4556 catonibus
653 4489 753 4556 liause
775 4491 953 4570 theutonice,
975 4493 1028 4572 qui
1048 4491 1162 4576 gildam
1185 4494 1286 4560 sulum
1295 4494 1474 4586 predictam
1497 4499 1529 4560 iu
1550 4497 1671 4562 ciuitate
1692 4494 1829 4562 Loudou.
1852 4498 1986 4579 predicta
2007 4498 2118 4566 habent
2139 4495 2183 4562 rel
2203 4491 2279 4555 hibi

478 4610 569 4693 bunt,
603 4619 632 4676 ei
659 4609 698 4674 de
725 4609 810 4692 gilda
835 4609 971 4676 eiusdem
996 4610 1065 4676 aule
1093 4614 1258 4692 extiterint,
1290 4612 1372 4694 quod
1401 4616 1460 4696 ipsi
1487 4622 1674 4680 mercatores
1701 4615 1738 4680 de
1759 4615 1843 4699 gilda
1864 4617 1918 4682 illa
1939 4621 2116 4699 existentes,
2149 4615 2242 4679 omnia
2259 4611 2283 4667 et
2358 4591 2359 4616 ¹

479 4731 654 4796 omnimoda
676 4727 881 4794 mercandisas
903 4737 932 4793 et
953 4733 1147 4796 mercimonia
1168 4751 1240 4813 sua,
1274 4735 1455 4798 coniunctim
1484 4741 1513 4797 et
1534 4739 1715 4814 separatim,
1739 4754 1756 4800 a
1779 4737 2017 4816 quibuscumque
2038 4738 2173 4819 pertibus
2192 4727 2285 4794 exteris

479 4853 511 4914 in
538 4864 667 4935 reguum
696 4857 832 4912 nostrum
854 4845 963 4931 Anglie
979 4848 1133 4915 'adducere
1159 4861 1189 4917 et
1215 4852 1327 4918 ibidem
1348 4852 1387 4918 ad
1410 4862 1520 4917 terram
1541 4870 1672 4934 ponere,
1702 4863 1731 4918 et
1752 4854 1812 4920 elis
1834 4855 2038 4922 mercandisns
2060 4866 2089 4920 et
2110 4845 2282 4920 mercimonia

478 4985 533 5034 sua
555 4978 711 5034 eteorum
733 4965 890 5060 cuiuslibet
912 4975 941 5031 et
961 4969 1179 5050 quorumlibet,
1201 4970 1406 5037 mercandisas
1428 4973 1545 5058 stapnle
1566 4989 1627 5036 uon
1649 4977 1824 5053 existentes,
1845 4977 1876 5038 iu
1898 4991 2087 5056 quocumque
2106 4981 2191 5055 portu
2211 4961 2281 5045 regni

479 5340 529 5391 Η
577 5256 765 5407 147ῃῖοζ
780 5255 852 5310 ‘¹⁰2¹
870 5257 1027 5322 nemnem„
1045 5255 1194 5325 suscipe,
1221 5261 1368 5326 nemetense
1392 5229 1441 5314 mre
1464 5263 1511 5315 ees
1529 5263 1646 5328 sonipes
1663 5263 1754 5317 neten
1777 5277 1811 5318 m
1832 5267 1906 5319 sur„
1923 5267 2049 5320 nm„
2067 5280 2100 5319 „,
2115 5265 2209 5316 m„
2229 5259 2277 5304 „m

496 5352 558 5394 are
686 5354 721 5394 un
766 5375 774 5393 ,
