4702 6346
991 635 1150 740 (laco.)
1936 641 1992 726 rs

136 945 217 996 cnm
242 931 336 997 rebus
356 937 386 996 et
403 927 604 996 nocentiore
622 930 697 1012 snb,
719 929 833 998 ibidem
852 927 1000 996 morando
1022 936 1055 994 et
1074 929 1144 996 inde
1165 929 1346 1006 recedendo,
1368 929 1484 997 nuitrrm
1506 929 1642 996 inieratis
1665 937 1718 994 aut
1739 929 1778 996 ab
1797 927 1867 992 eliis
1885 925 1990 994 inierri

134 1050 333 1128 permittetis
349 1048 596 1132 impedimentum
615 1058 856 1133 autgrauarnen.
885 1049 947 1114 Nec
964 1064 1017 1112 eos
1029 1058 1133 1114 contra
1150 1050 1345 1130 quietantiam
1357 1049 1543 1130 praedictum
1555 1050 1668 1112 vexetis
1686 1055 1739 1112 eut
1756 1048 1796 1111 ab
1808 1046 1876 1110 aliis
1889 1047 1991 1110 vexari

133 1168 343 1248 permitteris.
376 1166 409 1233 In
429 1169 516 1234 cuius
534 1169 578 1232 rei
598 1167 801 1234 testimonium
824 1165 881 1232 bas
898 1167 1002 1232 literas
1025 1175 1146 1232 nostras
1167 1168 1232 1232 deri
1251 1167 1377 1233 fecimus
1389 1175 1536 1248 patentes,
1559 1184 1615 1249 per
1630 1167 1819 1248 septennium
1834 1165 1990 1240 durantes,

133 1285 221 1350 dum
239 1295 342 1352 tamen
357 1287 449 1352 iidem
460 1287 627 1370 burgenses
638 1287 760 1351 interim
771 1286 848 1351 bene
867 1293 897 1350 et
907 1284 1035 1351 bdeiiter
1047 1303 1080 1350 se
1098 1286 1258 1352 habuerint
1275 1304 1348 1370 erge
1365 1285 1537 1366 praedatum
1548 1285 1687 1363 eiectum,
1702 1271 1829 1349 fratrem
1840 1291 1989 1348 nostrum.

131 1403 239 1470 Teste
260 1407 410 1488 meipso,
432 1406 513 1490 apud
536 1405 855 1483 Westmonasterium,
878 1404 1035 1470 rndeoimo
1057 1406 1105 1470 die
1126 1405 1214 1484 binii,
1232 1421 1313 1470 enno
1334 1407 1419 1488 regni
1442 1407 1537 1470 nostri
1560 1404 1793 1486 quadragesimo
1814 1404 1925 1484 primo.

304 1524 384 1592 iieec
406 1524 494 1590 litera
516 1525 670 1606 duplicata
693 1533 748 1602 est,
770 1541 828 1605 pro
850 1524 1052 1608 burgensibus
1074 1524 1174 1602 Ducis,
1197 1523 1368 1608 Brunswig,
1391 1531 1420 1588 et
1441 1523 1555 1590 Lubeir.
1572 1523 1607 1601 ¹]

128 1729 356 1814 XXVIII.
401 1732 589 1834 Wilicelm,
628 1731 806 1814 Wtbctm
828 1732 1004 1837 chners
1023 1732 1141 1835 Solen,
1172 1733 1353 1838 ccrbcnft
1375 1734 1462 1814 dem
1482 1733 1747 1815 Aldermorsoc
1768 1732 1838 1810 der
1859 1729 1988 1812 Deret-

128 1886 282 1988 scleeo,
313 1883 470 1988 Arnols,
506 1884 719 1969 I'bcdmore
739 1883 857 1986 Sobo,
887 1886 955 1989 ster
984 1893 1076 1966 occi
1103 1885 1215 1966 Moris
1245 1883 1418 1990 starioc
1449 1886 1513 1967 deo
1533 1884 1736 1990 jdbrlr'cbc
1758 1885 1885 1964 Recte
1915 1909 1990 1965 coo

209 2045 309 2118 moer·
333 2036 570 2144 Scitidlinpco
589 2035 656 2140 fttr
678 2044 740 2117 cio
764 2036 887 2119 Stttcir
911 2036 1070 2119 dundee
1095 2038 1236 2120 certeco
1256 2065 1329 2120 eon
1355 2025 1425 2119 dor
1450 2037 1665 2120 deutschen
1691 2036 1914 2119 Gildcboide

796 2215 845 2270 nc
873 2190 1045 2272 London.
1101 2187 1272 2292 (1260.)
1302 2188 1340 2294 ²)

302 2353 407 2422 Smetri
427 2363 584 2448 presentes
606 2364 635 2418 et
655 2353 767 2433 futuri,
797 2353 880 2436 quod
901 2371 959 2438 ego
981 2353 1182 2433 Wiibeimus,
1204 2353 1286 2420 tilius
1307 2353 1464 2419 Wiibcimi
1485 2353 1633 2436 iieyneri,
1666 2356 1785 2434 quietas
1807 2353 1937 2418 elamnui
1960 2361 1990 2416 et

130 2474 283 2554 presenti
311 2481 394 2537 certa
416 2488 484 2537 mea
506 2472 684 2538 confirmabi
705 2473 821 2538 scilicet
841 2471 1018 2554 Arnqubo,
1031 2474 1069 2552 ⁸)
1091 2472 1155 2537 fliio
1176 2472 1355 2552 Ibedmeri,
1387 2472 1563 2538 eidermano
1586 2482 1788 2538 mercatorum
1811 2471 1989 2537 Alemannie

130 2595 165 2656 in
189 2591 344 2675 Angliem
366 2591 556 2670 venientium,
579 2599 608 2656 et
630 2591 743 2656 eisdem
766 2593 985 2658 mercatoribus
1008 2590 1084 2656 duas
1105 2591 1252 2658 solidatas
1274 2593 1366 2656 annui
1388 2600 1417 2654 et
1429 2593 1521 2669 quieti
1544 2590 1689 2670 redditus,
1712 2607 1789 2671 quas
1805 2608 1860 2669 per
1874 2606 1987 2654 nonum

130 2714 284 2793 recipere
305 2710 441 2774 solebam
463 2709 501 2774 de
522 2685 655 2798 quadem
676 2711 826 2793 particule
848 2719 1019 2775 terrerum
1042 2709 1236 2790 pertinenciis
1258 2709 1289 2772 in
1313 2708 1427 2774 iatereo
1442 2708 1564 2774 rientaii
1580 2707 1873 2787 Giidbaiiieeorum,
1896 2723 1989 2788 quern

132 2831 260 2895 babent
284 2827 427 2906 bondon,
455 2831 486 2892 in
507 2829 654 2908 parocbia
670 2830 812 2902 ,omnium
833 2838 1007 2894 sanctorum
1021 2828 1059 2908 ⁴)
1081 2828 1283 2908 adscriptam,
1307 2846 1344 2892 ex
1365 2830 1561 2894 concessione
1583 2827 1697 2892 domini
1719 2827 1809 2912 Regis
1831 2835 1860 2891 ct
1881 2825 1989 2908 prede·

131 2963 304 3014 cessorum
327 2963 452 3012 suorum
474 2945 587 3012 babent
608 2957 637 3012 et
659 2956 773 3026 tenent,
801 2947 915 3012 eisdem
938 2956 968 3012 et
989 2946 1215 3012 successoribus
1238 2963 1344 3012 eorum
1366 2945 1404 3012 ed
1427 2947 1594 3028 predictam
1617 2943 1815 3012 Giidballiam
1836 2947 1988 3026 pertinen-

130 3069 233 3144 tibus,
264 3074 391 3147 propter
412 3081 460 3130 me
482 3074 513 3129 et
533 3064 660 3130 heredes
681 3081 765 3130 meos
787 3065 897 3144 iibere,
921 3067 1037 3147 quiete,
1061 3067 1154 3145 bene,
1177 3066 1293 3147 integre
1314 3074 1344 3130 et
1365 3067 1396 3128 in
1417 3081 1493 3147 pecc
1515 3068 1545 3128 in
1573 3074 1765 3149 perpetuum.
1814 3064 1874 3142 ita,
1907 3063 1989 3142 quod

131 3203 194 3269 ego
219 3184 275 3250 vel
297 3183 423 3248 beredes
445 3186 503 3249 mei
525 3185 573 3248 rei
595 3184 704 3264 aliquis
725 3201 782 3266 per
803 3201 859 3248 nos
881 3185 928 3248 rei
954 3201 1012 3263 pro
1040 3186 1129 3249 nobis
1156 3183 1250 3248 nicbii
1279 3182 1316 3248 de
1345 3192 1445 3248 cetero
1473 3187 1502 3248 in
1532 3183 1675 3263 predictis
1703 3183 1822 3248 duabus
1851 3180 1988 3247 solidetis

130 3306 235 3370 annui
261 3311 292 3368 et
312 3304 404 3384 quieti
426 3301 563 3368 redditus
586 3304 719 3382 poterint
740 3303 870 3386 exigere,
893 3302 1006 3366 babere
1027 3303 1075 3366 rei
1099 3303 1234 3367 clamare
1253 3306 1286 3366 in
1307 3310 1497 3384 perpetuum.

301 3419 359 3484 Pro
381 3420 439 3486 bac
461 3429 561 3485 antem
584 3421 777 3498 remissione,
812 3422 913 3500 quieta
936 3421 1117 3485 clamatione
1147 3430 1176 3484 et
1197 3425 1347 3502 presentis
1368 3430 1451 3486 carte
1473 3437 1538 3485 mee
1559 3420 1787 3486 confirmatione
1808 3419 1891 3484 dedit
1913 3417 1988 3482 mibi

131 3547 323 3625 prenotatur
345 3539 522 3618 Arnuipbus
543 3538 620 3604 duas
641 3555 762 3604 marcas
784 3538 1000 3622 sterlingorum
1007 3556 1018 3616 ;
1053 3547 1083 3602 et
1113 3547 1146 3602 ut
1174 3538 1229 3603 bec
1257 3541 1361 3604 omnia
1382 3539 1519 3618 predicta
1540 3548 1606 3603 rate
1629 3549 1658 3604 et
1679 3538 1767 3602 drma
1788 3547 1987 3619 permaneant

130 3665 163 3726 in
188 3665 381 3740 perpetuum
403 3657 474 3722 buic
495 3665 577 3722 carte
598 3657 733 3740 sigiilum
755 3673 856 3722 meum
877 3661 1019 3736 apposui.
1063 3655 1159 3722 liuius
1182 3658 1324 3722 testibus:
1347 3655 1659 3741 dominoWitbeirno‚
1682 3657 1745 3720 biio
1761 3655 1894 3733 Ricardi,
1918 3663 1988 3719 tunc

131 3780 264 3844 maiore
274 3775 411 3854 London,
434 3775 532 3841 Adam
543 3775 679 3859 Bruning
689 3784 719 3841 et
730 3773 870 3840 Heinrico
881 3776 919 3841 de
930 3775 1092 3853 Kouentre,
1118 3785 1188 3840 tnnc
1201 3777 1436 3856 vicecomitibus,
1459 3775 1715 3856 Micbueie'iouy,
1730 3776 1765 3854 ⁵)
1790 3774 1988 3838 aldremanoo

132 3899 224 3962 illins
249 3895 375 3972 warde,
409 3892 549 3960 Gnrnuo
578 3893 616 3958 de
645 3895 828 3976 Wyntonia,
861 3894 993 3959 Roberto
1021 3894 1059 3958 de
1087 3891 1251 3972 Cornbuit,
1284 3894 1430 3978 bogeric,
1464 3895 1527 3960 titio
1549 3892 1658 3970 biicie,
1689 3893 1825 3958 tobanne
1847 3893 1935 3971 Saor,
1951 3894 1987 3972 ⁶]

130 4013 312 4080 Wiibeimo
334 4010 453 4094 Cosyn,
474 4012 607 4078 itienrdo
628 4013 666 4076 de
689 4013 835 4090 RolresIe,
972 4012 1104 4092 Kox,⁷)
1127 4011 1277 4096 Gregorio
1299 4012 1336 4077 de
1358 4012 1503 4092 iioiresie,
1525 4013 1665 4077 Writero
1687 4012 1768 4091 tior,
1790 4012 1929 4078 tobonne
1951 4011 1988 4076 de

130 4134 307 4211 Farnbam,
329 4131 458 4198 lienrico
481 4131 590 4198 Beruet
603 4133 638 4211 Β)
660 4140 691 4196 et
711 4132 790 4196 otiis.
1886 4125 1892 4138 ”

303 4386 328 4448 ¹)
354 4385 419 4438 liter
438 4386 474 4438 tet
490 4399 523 4438 rn
542 4386 632 4438 terens
660 4387 852 4440 mercatoribus
871 4388 947 4440 dnete
965 4389 998 4441 de
1016 4389 1165 4453 Brunsrig,
1182 4389 1216 4442 de
1232 4389 1351 4442 Lnbebe.

302 4485 329 4554 ²)
354 4486 415 4540 Aue
439 4487 499 4542 dem
518 4487 614 4540 Cdiner
630 4488 823 4553 Copieibncbe,
850 4489 962 4542 retebes
986 4490 1029 4542 die
1051 4491 1153 4542 Nemeo
1179 4493 1278 4556 einiger
1297 4493 1401 4557 zeugen
1426 4492 1489 4544 sebr
1511 4491 1630 4546 eotsteitt
1654 4493 1707 4544 bet.
1743 4493 1793 4544 iiie
1811 4492 1913 4544 Nemeo
1938 4492 1986 4544 des

130 4579 253 4640 nepote
272 4572 325 4624 und
344 4573 393 4624 der
410 4571 521 4625 sbertds
540 4573 716 4626 rockenton
735 4576 836 4638 reigeu,
854 4575 918 4626 dese
936 4574 1009 4626 dtese
1028 4575 1154 4627 Urbnnde
1172 4577 1233 4628 dem
1251 4576 1331 4628 dabre
1351 4573 1418 4630 riou
1435 4578 1571 4640 engebort.
1608 4574 1687 4628 Siebe
1706 4575 1836 4628 Cbronten
1855 4578 1986 4630 maiorum

130 4668 160 4714 et
184 4657 378 4712 vicecomitum
395 4658 519 4710 London.
542 4655 626 4722 pen.
659 4661 772 4711 dmotdr
791 4659 928 4712 cbrcntete
952 4660 982 4711 ct
1001 4659 1123 4712 London.
1148 4657 1230 4724 pen.
1438 4662 1464 4726 ³)
1492 4661 1528 4712 Er
1550 4661 1615 4714 rrtrd
1639 4667 1719 4712 sonet
1735 4659 1837 4712 hnoid
1861 4667 1985 4724 genennt.

133 4745 162 4813 ⁴)
192 4745 253 4796 Der
270 4741 464 4806 Abecbreiber,
491 4757 566 4796 reon
590 4744 665 4796 nicbt
688 4745 735 4796 der
753 4745 906 4808 sebreiber,
933 4745 1038 4796 orbetur
1061 4745 1117 4797 bier
1141 4745 1183 4796 dte
1208 4747 1306 4798 nibere
1323 4746 1509 4811 Bereiebnnng
1534 4747 1580 4798 der
1599 4745 1713 4808 werde,
1740 4746 1766 4796 in
1790 4744 1902 4796 neteber
1924 4747 1985 4806 ione

131 4826 275 4883 Gitdbeiie
293 4828 349 4892 teg,
369 4837 561 4890 rergerseosu
579 4827 674 4891 beben,
693 4821 728 4881 de'
744 4835 822 4881 noter
840 4830 891 4881 den
909 4829 1013 4893 beugen
1033 4830 1080 4881 der
1097 4829 1243 4882 Aiderrnrn
1263 4830 1357 4882 “titius
1377 4829 1504 4885 verdee”
1522 4835 1638 4895 genennt
1654 4830 1728 4882 vird.
1764 4829 1801 4880 Es
1820 4829 1907 4881 tebien
1927 4831 1985 4884 uso

130 4911 316 4968 rermntbttcb
335 4912 378 4964 die
397 4912 507 4966 worter
534 4914 560 4964 tc
579 4912 914 4978 monstruosiorem
933 4915 1030 4966 andere
1049 4915 1092 4966 dte
1109 4916 1212 4969 Nemeo
1231 4916 1278 4968 der
1296 4916 1394 4971 words
1413 4929 1460 4968 vor
1479 4918 1525 4968 der
1543 4917 1693 4981 Regiernng
1711 4915 1798 4980 Kontg
1816 4913 1945 4968 Edrrerds
1963 4918 1983 4967 t.

132 5001 327 5053 rorkommen.
363 4997 409 5048 Bis
428 4996 508 5050 dnbio
526 4996 632 5050 werden
651 5000 692 5050 sie
708 4999 870 5063 gerobntteb
888 5000 954 5051 oreb
973 4999 1023 5052 den
1035 5001 1137 5055 Numen
1148 5002 1195 5053 der
1203 5000 1411 5066 didermnnneo,
1429 5001 1527 5054 rreicbe
1540 5001 1579 5054 rte
1593 5001 1681 5054 ererbt
1696 5001 1760 5054 oder
1774 5000 1985 5064 erienttbrtten,
2078 5065 2080 5070 ,

133 5087 274 5138 benennt.
308 5085 337 5134 in
357 5083 491 5134 ietrterern
505 5082 578 5134 Fatis
595 5085 664 5134 utre
683 5085 724 5136 bei
742 5081 893 5136 “carduo”
912 5084 1138 5150 biozuzndeoben,
1155 5087 1181 5136 tn
1201 5086 1312 5138 celeber
1330 5083 1516 5141 dieGiidbntie
1533 5086 1641 5151 getegen
1660 5087 1704 5138 ist
1808 5086 1835 5149 ⁶)
1854 5085 1935 5149 (inor.
1955 5086 1984 5138 c.

132 5167 258 5226 Micbeei
282 5167 359 5233 Toup
382 5179 436 5219 uer
458 5169 501 5220 ein
527 5165 729 5232 Goidscbmidt,
759 5167 824 5220 titt
847 5169 903 5220 nod
930 5166 997 5223 tute
1019 5169 1114 5232 bitror
1139 5181 1191 5222 rcn
1214 5169 1346 5234 London,
1378 5171 1494 5228 ueiebeo
1525 5171 1611 5235 iibntg
1634 5171 1759 5225 Heinrich
1785 5183 1873 5234 regen
1898 5172 1986 5224 seiner

131 5253 315 5310 deinnbme
339 5265 374 5306 ar
391 5253 443 5304 den
462 5253 648 5318 bttrgerttcben
668 5251 794 5306 Unruben
821 5252 955 5306 corbonen
981 5254 1056 5306 itere.
1092 5254 1155 5308 Seio
1174 5254 1410 5320 gieicbbeneunter
1428 5257 1500 5312 sobo
1528 5258 1598 5309 werd
1620 5253 1686 5310 tutu
1710 5239 1800 5320 regen
1819 5256 1984 5311 ittubereien

132 5353 200 5394 rom
221 5337 455 5404 rongentonn
473 5339 494 5390 i.
512 5339 694 5404 bingericbtet.
820 5337 847 5404 ⁰¹)
875 5338 954 5390 bier:
982 5335 1066 5392 Stori
1195 5338 1230 5407 ')·
1249 5340 1330 5394 birse
1357 5337 1434 5395 iteri
1564 5341 1590 5407 ⁸)
1617 5340 1745 5394 bernardi
1763 5340 1829 5395 oder
1846 5338 1984 5395 notuerit
