<?xml version="1.0" encoding="UTF-8"?>
<!DOCTYPE html PUBLIC "-//W3C//DTD XHTML 1.0 Transitional//EN"
    "http://www.w3.org/TR/xhtml1/DTD/xhtml1-transitional.dtd">
<html xmlns="http://www.w3.org/1999/xhtml" xml:lang="en" lang="en">
 <head>
  <title>
</title>
<meta http-equiv="Content-Type" content="text/html;charset=utf-8" />
  <meta name='ocr-system' content='tesseract 3.04.00' />
  <meta name='ocr-capabilities' content='ocr_page ocr_carea ocr_par ocr_line ocrx_word'/>
</head>
<body>
  <div class='ocr_page' id='page_1' title='image "./urkundlichegesc01lappgoog/urkundlichegesc01lappgoog_0261.png"; bbox 0 0 4716 6330; ppageno 0'>
   <div class='ocr_carea' id='block_1_1' title="bbox 844 659 1934 756">
    <p class='ocr_par' dir='ltr' id='par_1_1' title="bbox 844 659 1934 756">
     <span class='ocr_line' id='line_1_1' title="bbox 844 659 1934 756; baseline 0.016 -23"><span class='ocrx_word' id='word_1_1' title='bbox 844 662 953 756; x_wconf 79' lang='lat' dir='ltr'><strong>lotl,</strong></span> <span class='ocrx_word' id='word_1_2' title='bbox 981 663 1123 736; x_wconf 88' lang='lat' dir='ltr'><strong>Febrnnr</strong></span> <span class='ocrx_word' id='word_1_3' title='bbox 1149 659 1209 734; x_wconf 77' lang='lat'><strong>28.</strong></span> <span class='ocrx_word' id='word_1_4' title='bbox 1878 669 1934 750; x_wconf 85' lang='lat'><strong>65</strong></span> 
     </span>
    </p>
   </div>
   <div class='ocr_carea' id='block_1_2' title="bbox 34 941 2011 4698">
    <p class='ocr_par' dir='ltr' id='par_1_2' title="bbox 34 941 2011 2330">
     <span class='ocr_line' id='line_1_2' title="bbox 104 941 1933 1030; baseline 0.001 -18"><span class='ocrx_word' id='word_1_5' title='bbox 104 963 231 1014; x_wconf 73' lang='lat' dir='ltr'><strong>oaorem</strong></span> <span class='ocrx_word' id='word_1_6' title='bbox 252 961 371 1026; x_wconf 74' lang='lat' dir='ltr'><strong>mom,</strong></span> <span class='ocrx_word' id='word_1_7' title='bbox 402 954 431 1012; x_wconf 83' lang='lat' dir='ltr'><strong>ct</strong></span> <span class='ocrx_word' id='word_1_8' title='bbox 453 941 499 1010; x_wconf 86' lang='lat' dir='ltr'><strong>nd</strong></span> <span class='ocrx_word' id='word_1_9' title='bbox 519 941 574 1010; x_wconf 86' lang='lat' dir='ltr'><strong>bec</strong></span> <span class='ocrx_word' id='word_1_10' title='bbox 596 941 639 1010; x_wconf 92' lang='lat' dir='ltr'><strong>do</strong></span> <span class='ocrx_word' id='word_1_11' title='bbox 663 941 725 1012; x_wconf 74' lang='lat' dir='ltr'><strong>etei</strong></span> <span class='ocrx_word' id='word_1_12' title='bbox 744 941 840 1028; x_wconf 68' lang='lat' dir='ltr'><strong>iden</strong></span> <span class='ocrx_word' id='word_1_13' title='bbox 860 946 1006 1030; x_wconf 78' lang='lat' dir='ltr'><strong>menen,’‘</strong></span> <span class='ocrx_word' id='word_1_14' title='bbox 1035 962 1202 1026; x_wconf 85' lang='lat' dir='ltr'><strong>manusque</strong></span> <span class='ocrx_word' id='word_1_15' title='bbox 1224 961 1295 1010; x_wconf 89' lang='lat' dir='ltr'><strong>snas</strong></span> <span class='ocrx_word' id='word_1_16' title='bbox 1317 945 1429 1010; x_wconf 82' lang='lat' dir='ltr'><strong>adiano</strong></span> <span class='ocrx_word' id='word_1_17' title='bbox 1451 948 1489 1012; x_wconf 91' lang='lat' dir='ltr'><strong>ab</strong></span> <span class='ocrx_word' id='word_1_18' title='bbox 1511 948 1639 1013; x_wconf 81' lang='lat' dir='ltr'><strong>invicem</strong></span> <span class='ocrx_word' id='word_1_19' title='bbox 1662 959 1853 1030; x_wconf 72' lang='lat' dir='ltr'><strong>separantes.</strong></span> <span class='ocrx_word' id='word_1_20' title='bbox 1896 949 1933 1014; x_wconf 81' lang='lat' dir='ltr'><strong>lit</strong></span> 
     </span>
     <span class='ocr_line' id='line_1_3' title="bbox 103 1061 1933 1147; baseline 0.004 -20"><span class='ocrx_word' id='word_1_21' title='bbox 103 1063 311 1128; x_wconf 90' lang='lat' dir='ltr'><strong>incontinenti</strong></span> <span class='ocrx_word' id='word_1_22' title='bbox 336 1071 406 1128; x_wconf 90' lang='lat' dir='ltr'><strong>tnnc</strong></span> <span class='ocrx_word' id='word_1_23' title='bbox 427 1062 538 1128; x_wconf 80' lang='lat' dir='ltr'>ibidem</span> <span class='ocrx_word' id='word_1_24' title='bbox 561 1062 641 1128; x_wconf 91' lang='lat' dir='ltr'><strong>dicta</strong></span> <span class='ocrx_word' id='word_1_25' title='bbox 663 1061 811 1128; x_wconf 87' lang='lat' dir='ltr'><strong>llldanoia</strong></span> <span class='ocrx_word' id='word_1_26' title='bbox 839 1080 908 1128; x_wconf 91' lang='lat' dir='ltr'><strong>cum</strong></span> <span class='ocrx_word' id='word_1_27' title='bbox 930 1081 1023 1129; x_wconf 90' lang='lat' dir='ltr'><strong>menn</strong></span> <span class='ocrx_word' id='word_1_28' title='bbox 1053 1081 1108 1130; x_wconf 89' lang='lat' dir='ltr'><strong>sna</strong></span> <span class='ocrx_word' id='word_1_29' title='bbox 1137 1064 1261 1129; x_wconf 87' lang='lat' dir='ltr'><strong>dextera</strong></span> <span class='ocrx_word' id='word_1_30' title='bbox 1282 1063 1436 1143; x_wconf 86' lang='lat' dir='ltr'><strong>prelatum</strong></span> <span class='ocrx_word' id='word_1_31' title='bbox 1463 1065 1583 1130; x_wconf 87' lang='lat' dir='ltr'><strong>Petrum</strong></span> <span class='ocrx_word' id='word_1_32' title='bbox 1613 1085 1668 1147; x_wconf 86' lang='lat' dir='ltr'><strong>per</strong></span> <span class='ocrx_word' id='word_1_33' title='bbox 1696 1084 1820 1133; x_wconf 92' lang='lat' dir='ltr'><strong>manum</strong></span> <span class='ocrx_word' id='word_1_34' title='bbox 1847 1084 1933 1134; x_wconf 88' lang='lat' dir='ltr'><strong>suem</strong></span> 
     </span>
     <span class='ocr_line' id='line_1_4' title="bbox 104 1179 1935 1272; baseline 0.002 -24"><span class='ocrx_word' id='word_1_35' title='bbox 104 1184 252 1248; x_wconf 83' lang='lat' dir='ltr'><strong>dexteram</strong></span> <span class='ocrx_word' id='word_1_36' title='bbox 274 1181 409 1262; x_wconf 89' lang='lat' dir='ltr'><strong>capiens,</strong></span> <span class='ocrx_word' id='word_1_37' title='bbox 431 1181 529 1246; x_wconf 88' lang='lat' dir='ltr'><strong>eidem</strong></span> <span class='ocrx_word' id='word_1_38' title='bbox 546 1180 636 1246; x_wconf 88' lang='lat' dir='ltr'><strong>Petro</strong></span> <span class='ocrx_word' id='word_1_39' title='bbox 653 1182 744 1247; x_wconf 88' lang='lat' dir='ltr'><strong>rerba</strong></span> <span class='ocrx_word' id='word_1_40' title='bbox 767 1183 935 1248; x_wconf 79' lang='lat' dir='ltr'><strong>consimilia</strong></span> <span class='ocrx_word' id='word_1_41' title='bbox 957 1183 1033 1246; x_wconf 80' lang='lat' dir='ltr'><strong>dixit</strong></span> <span class='ocrx_word' id='word_1_42' title='bbox 1055 1191 1085 1247; x_wconf 92' lang='lat' dir='ltr'><strong>et</strong></span> <span class='ocrx_word' id='word_1_43' title='bbox 1104 1181 1250 1264; x_wconf 88' lang='lat' dir='ltr'><strong>protulit:</strong></span> <span class='ocrx_word' id='word_1_44' title='bbox 1274 1179 1341 1248; x_wconf 82' lang='lat' dir='ltr'><strong>“Et</strong></span> <span class='ocrx_word' id='word_1_45' title='bbox 1363 1203 1422 1270; x_wconf 80' lang='lat' dir='ltr'><strong>spo</strong></span> <span class='ocrx_word' id='word_1_46' title='bbox 1437 1181 1601 1252; x_wconf 80' lang='lat' dir='ltr'><strong>Aldnneio</strong></span> <span class='ocrx_word' id='word_1_47' title='bbox 1623 1185 1718 1272; x_wconf 81' lang='lat' dir='ltr'><strong>capio</strong></span> <span class='ocrx_word' id='word_1_48' title='bbox 1737 1197 1775 1264; x_wconf 87' lang='lat' dir='ltr'><strong>te,</strong></span> <span class='ocrx_word' id='word_1_49' title='bbox 1801 1185 1935 1255; x_wconf 83' lang='lat' dir='ltr'><strong>Petrum</strong></span> 
     </span>
     <span class='ocr_line' id='line_1_5' title="bbox 110 1297 1933 1386; baseline 0.003 -22"><span class='ocrx_word' id='word_1_50' title='bbox 110 1297 275 1383; x_wconf 70' lang='lat' dir='ltr'><strong>Vincentia,</strong></span> <span class='ocrx_word' id='word_1_51' title='bbox 299 1298 335 1365; x_wconf 82' lang='lat' dir='ltr'><strong>in</strong></span> <span class='ocrx_word' id='word_1_52' title='bbox 357 1297 466 1366; x_wconf 78' lang='lat' dir='ltr'><strong>cirum</strong></span> <span class='ocrx_word' id='word_1_53' title='bbox 488 1309 518 1366; x_wconf 84' lang='lat' dir='ltr'><strong>ct</strong></span> <span class='ocrx_word' id='word_1_54' title='bbox 538 1299 695 1368; x_wconf 59' lang='lat' dir='ltr'><strong>modium</strong></span> <span class='ocrx_word' id='word_1_55' title='bbox 714 1319 819 1367; x_wconf 80' lang='lat' dir='ltr'><strong>mcum</strong></span> <span class='ocrx_word' id='word_1_56' title='bbox 840 1311 872 1368; x_wconf 85' lang='lat' dir='ltr'><strong>et</strong></span> <span class='ocrx_word' id='word_1_57' title='bbox 891 1299 937 1367; x_wconf 89' lang='lat' dir='ltr'><strong>od</strong></span> <span class='ocrx_word' id='word_1_58' title='bbox 958 1299 1013 1368; x_wconf 83' lang='lat' dir='ltr'><strong>bec</strong></span> <span class='ocrx_word' id='word_1_59' title='bbox 1035 1299 1077 1368; x_wconf 88' lang='lat' dir='ltr'><strong>do</strong></span> <span class='ocrx_word' id='word_1_60' title='bbox 1101 1299 1165 1367; x_wconf 81' lang='lat' dir='ltr'><strong>tibi</strong></span> <span class='ocrx_word' id='word_1_61' title='bbox 1182 1298 1280 1384; x_wconf 76' lang='lat' dir='ltr'><strong>fidere</strong></span> <span class='ocrx_word' id='word_1_62' title='bbox 1299 1302 1434 1386; x_wconf 81' lang='lat' dir='ltr'><strong>memn,”</strong></span> <span class='ocrx_word' id='word_1_63' title='bbox 1457 1318 1625 1383; x_wconf 82' lang='lat' dir='ltr'><strong>manusque</strong></span> <span class='ocrx_word' id='word_1_64' title='bbox 1647 1320 1718 1368; x_wconf 90' lang='lat' dir='ltr'><strong>suas</strong></span> <span class='ocrx_word' id='word_1_65' title='bbox 1741 1306 1781 1368; x_wconf 89' lang='lat' dir='ltr'><strong>ab</strong></span> <span class='ocrx_word' id='word_1_66' title='bbox 1803 1307 1933 1371; x_wconf 91' lang='lat' dir='ltr'><strong>inuicem</strong></span> 
     </span>
     <span class='ocr_line' id='line_1_6' title="bbox 102 1417 1933 1504; baseline 0.002 -20"><span class='ocrx_word' id='word_1_67' title='bbox 102 1426 274 1498; x_wconf 75' lang='lat' dir='ltr'>separantes</span> <span class='ocrx_word' id='word_1_68' title='bbox 294 1426 325 1482; x_wconf 88' lang='lat' dir='ltr'><strong>et</strong></span> <span class='ocrx_word' id='word_1_69' title='bbox 345 1417 385 1483; x_wconf 89' lang='lat' dir='ltr'><strong>ad</strong></span> <span class='ocrx_word' id='word_1_70' title='bbox 407 1419 536 1484; x_wconf 88' lang='lat' dir='ltr'><strong>inuicem</strong></span> <span class='ocrx_word' id='word_1_71' title='bbox 559 1427 631 1483; x_wconf 92' lang='lat' dir='ltr'><strong>tnnc</strong></span> <span class='ocrx_word' id='word_1_72' title='bbox 652 1419 764 1484; x_wconf 84' lang='lat' dir='ltr'><strong>ibidem</strong></span> <span class='ocrx_word' id='word_1_73' title='bbox 787 1419 1054 1486; x_wconf 74' lang='lat' dir='ltr'><strong>deosculabantur.</strong></span> <span class='ocrx_word' id='word_1_74' title='bbox 1097 1417 1197 1500; x_wconf 83' lang='lat' dir='ltr'><strong>Super</strong></span> <span class='ocrx_word' id='word_1_75' title='bbox 1218 1421 1329 1499; x_wconf 87' lang='lat' dir='ltr'><strong>quibus</strong></span> <span class='ocrx_word' id='word_1_76' title='bbox 1346 1421 1487 1484; x_wconf 89' lang='lat' dir='ltr'><strong>omnibus</strong></span> <span class='ocrx_word' id='word_1_77' title='bbox 1509 1429 1541 1484; x_wconf 90' lang='lat' dir='ltr'><strong>et</strong></span> <span class='ocrx_word' id='word_1_78' title='bbox 1561 1421 1689 1504; x_wconf 88' lang='lat' dir='ltr'><strong>singulis</strong></span> <span class='ocrx_word' id='word_1_79' title='bbox 1702 1421 1813 1504; x_wconf 88' lang='lat' dir='ltr'><strong>prelati</strong></span> <span class='ocrx_word' id='word_1_80' title='bbox 1826 1423 1933 1488; x_wconf 87' lang='lat' dir='ltr'><strong>Petrus</strong></span> 
     </span>
     <span class='ocr_line' id='line_1_7' title="bbox 101 1535 1931 1622; baseline 0.002 -20"><span class='ocrx_word' id='word_1_81' title='bbox 101 1537 244 1602; x_wconf 77' lang='lat' dir='ltr'><strong>vincentii</strong></span> <span class='ocrx_word' id='word_1_82' title='bbox 266 1545 295 1601; x_wconf 89' lang='lat' dir='ltr'><strong>et</strong></span> <span class='ocrx_word' id='word_1_83' title='bbox 316 1535 464 1602; x_wconf 87' lang='lat' dir='ltr'><strong>llldancia</strong></span> <span class='ocrx_word' id='word_1_84' title='bbox 486 1538 633 1602; x_wconf 87' lang='lat' dir='ltr'><strong>instanter</strong></span> <span class='ocrx_word' id='word_1_85' title='bbox 654 1545 841 1622; x_wconf 89' lang='lat' dir='ltr'><strong>rogauerunt</strong></span> <span class='ocrx_word' id='word_1_86' title='bbox 863 1546 893 1601; x_wconf 89' lang='lat' dir='ltr'><strong>et</strong></span> <span class='ocrx_word' id='word_1_87' title='bbox 915 1538 1141 1617; x_wconf 88' lang='lat' dir='ltr'><strong>requisiuernnt</strong></span> <span class='ocrx_word' id='word_1_88' title='bbox 1160 1555 1196 1602; x_wconf 89' lang='lat' dir='ltr'><strong>ac</strong></span> <span class='ocrx_word' id='word_1_89' title='bbox 1218 1539 1339 1620; x_wconf 86' lang='lat' dir='ltr'><strong>rogauit</strong></span> <span class='ocrx_word' id='word_1_90' title='bbox 1366 1547 1397 1603; x_wconf 90' lang='lat' dir='ltr'><strong>et</strong></span> <span class='ocrx_word' id='word_1_91' title='bbox 1418 1539 1576 1618; x_wconf 82' lang='lat' dir='ltr'><strong>requisinit</strong></span> <span class='ocrx_word' id='word_1_92' title='bbox 1596 1555 1703 1604; x_wconf 92' lang='lat' dir='ltr'><strong>eorum</strong></span> <span class='ocrx_word' id='word_1_93' title='bbox 1726 1547 1850 1620; x_wconf 78' lang='lat' dir='ltr'><strong>mosque</strong></span> <span class='ocrx_word' id='word_1_94' title='bbox 1872 1559 1931 1617; x_wconf 90' lang='lat' dir='ltr'><strong>me,</strong></span> 
     </span>
     <span class='ocr_line' id='line_1_8' title="bbox 99 1655 2011 1738; baseline 0.003 -20"><span class='ocrx_word' id='word_1_95' title='bbox 99 1657 246 1720; x_wconf 89' lang='lat' dir='ltr'><strong>notarium</strong></span> <span class='ocrx_word' id='word_1_96' title='bbox 267 1655 423 1736; x_wconf 89' lang='lat' dir='ltr'><strong>publicum</strong></span> <span class='ocrx_word' id='word_1_97' title='bbox 445 1655 661 1736; x_wconf 88' lang='lat' dir='ltr'><strong>subscriptum,</strong></span> <span class='ocrx_word' id='word_1_98' title='bbox 684 1656 728 1721; x_wconf 90' lang='lat' dir='ltr'><strong>eis</strong></span> <span class='ocrx_word' id='word_1_99' title='bbox 747 1665 776 1720; x_wconf 91' lang='lat' dir='ltr'><strong>et</strong></span> <span class='ocrx_word' id='word_1_100' title='bbox 795 1657 912 1736; x_wconf 85' lang='lat' dir='ltr'><strong>rtriqne</strong></span> <span class='ocrx_word' id='word_1_101' title='bbox 932 1655 1057 1720; x_wconf 92' lang='lat' dir='ltr'><strong>illorum</strong></span> <span class='ocrx_word' id='word_1_102' title='bbox 1079 1671 1170 1720; x_wconf 85' lang='lat' dir='ltr'><strong>vnum</strong></span> <span class='ocrx_word' id='word_1_103' title='bbox 1193 1656 1240 1719; x_wconf 83' lang='lat' dir='ltr'><strong>vel</strong></span> <span class='ocrx_word' id='word_1_104' title='bbox 1261 1655 1352 1737; x_wconf 89' lang='lat' dir='ltr'><strong>plnra</strong></span> <span class='ocrx_word' id='word_1_105' title='bbox 1365 1657 1522 1738; x_wconf 91' lang='lat' dir='ltr'><strong>publicum</strong></span> <span class='ocrx_word' id='word_1_106' title='bbox 1540 1656 1688 1722; x_wconf 86' lang='lat' dir='ltr'><strong>condeere</strong></span> <span class='ocrx_word' id='word_1_107' title='bbox 1701 1660 1934 1724; x_wconf 87' lang='lat' dir='ltr'><strong>instrumentum</strong></span> <span class='ocrx_word' id='word_1_108' title='bbox 2008 1697 2011 1706; x_wconf 70' lang='lat'><strong>,</strong></span> 
     </span>
     <span class='ocr_line' id='line_1_9' title="bbox 98 1772 1931 1856; baseline 0.001 -17"><span class='ocrx_word' id='word_1_109' title='bbox 98 1791 147 1839; x_wconf 89' lang='lat' dir='ltr'><strong>sen</strong></span> <span class='ocrx_word' id='word_1_110' title='bbox 167 1774 291 1854; x_wconf 91' lang='lat' dir='ltr'><strong>publica</strong></span> <span class='ocrx_word' id='word_1_111' title='bbox 312 1776 523 1838; x_wconf 87' lang='lat' dir='ltr'><strong>instrumenta.</strong></span> <span class='ocrx_word' id='word_1_112' title='bbox 566 1772 641 1838; x_wconf 83' lang='lat' dir='ltr'><strong>ncta</strong></span> <span class='ocrx_word' id='word_1_113' title='bbox 663 1781 733 1838; x_wconf 88' lang='lat' dir='ltr'><strong>sunt</strong></span> <span class='ocrx_word' id='word_1_114' title='bbox 753 1773 819 1852; x_wconf 87' lang='lat' dir='ltr'><strong>bec,</strong></span> <span class='ocrx_word' id='word_1_115' title='bbox 842 1782 934 1856; x_wconf 93' lang='lat' dir='ltr'><strong>prout</strong></span> <span class='ocrx_word' id='word_1_116' title='bbox 955 1791 1049 1853; x_wconf 89' lang='lat' dir='ltr'><strong>supra</strong></span> <span class='ocrx_word' id='word_1_117' title='bbox 1071 1775 1247 1840; x_wconf 91' lang='lat' dir='ltr'><strong>scribuntur</strong></span> <span class='ocrx_word' id='word_1_118' title='bbox 1267 1783 1297 1839; x_wconf 92' lang='lat' dir='ltr'><strong>et</strong></span> <span class='ocrx_word' id='word_1_119' title='bbox 1317 1779 1494 1854; x_wconf 88' lang='lat' dir='ltr'><strong>recitantur,</strong></span> <span class='ocrx_word' id='word_1_120' title='bbox 1516 1775 1573 1840; x_wconf 91' lang='lat' dir='ltr'><strong>snb</strong></span> <span class='ocrx_word' id='word_1_121' title='bbox 1596 1792 1675 1840; x_wconf 87' lang='lat' dir='ltr'><strong>anno</strong></span> <span class='ocrx_word' id='word_1_122' title='bbox 1699 1777 1829 1853; x_wconf 82' lang='lat' dir='ltr'><strong>linmini,</strong></span> <span class='ocrx_word' id='word_1_123' title='bbox 1852 1777 1931 1840; x_wconf 93' lang='lat' dir='ltr'><strong>indi-</strong></span> 
     </span>
     <span class='ocr_line' id='line_1_10' title="bbox 98 1863 1929 1978; baseline 0.002 -22"><span class='ocrx_word' id='word_1_124' title='bbox 98 1896 199 1970; x_wconf 88' lang='lat' dir='ltr'><strong>ctione,</strong></span> <span class='ocrx_word' id='word_1_125' title='bbox 221 1892 410 1974; x_wconf 83' lang='lat' dir='ltr'><strong>ponnncatu,</strong></span> <span class='ocrx_word' id='word_1_126' title='bbox 433 1909 546 1970; x_wconf 87' lang='lat' dir='ltr'><strong>mense,</strong></span> <span class='ocrx_word' id='word_1_127' title='bbox 569 1893 619 1958; x_wconf 90' lang='lat' dir='ltr'><strong>die</strong></span> <span class='ocrx_word' id='word_1_128' title='bbox 639 1901 669 1956; x_wconf 90' lang='lat' dir='ltr'><strong>et</strong></span> <span class='ocrx_word' id='word_1_129' title='bbox 691 1892 760 1956; x_wconf 87' lang='lat' dir='ltr'><strong>loco</strong></span> <span class='ocrx_word' id='word_1_130' title='bbox 781 1891 937 1973; x_wconf 78' lang='lat' dir='ltr'><strong>predictis,</strong></span> <span class='ocrx_word' id='word_1_131' title='bbox 959 1893 1152 1974; x_wconf 75' lang='lat' dir='ltr'><strong>presentibus</strong></span> <span class='ocrx_word' id='word_1_132' title='bbox 1174 1902 1244 1957; x_wconf 88' lang='lat' dir='ltr'><strong>tunc</strong></span> <span class='ocrx_word' id='word_1_133' title='bbox 1265 1892 1376 1958; x_wconf 87' lang='lat' dir='ltr'><strong>ibidem</strong></span> <span class='ocrx_word' id='word_1_134' title='bbox 1399 1863 1537 1959; x_wconf 74' lang='lat' dir='ltr'><strong>discretis</strong></span> <span class='ocrx_word' id='word_1_135' title='bbox 1560 1895 1649 1958; x_wconf 82' lang='lat' dir='ltr'><strong>viris:</strong></span> <span class='ocrx_word' id='word_1_136' title='bbox 1679 1894 1795 1960; x_wconf 83' lang='lat' dir='ltr'><strong>Alnaro</strong></span> <span class='ocrx_word' id='word_1_137' title='bbox 1817 1894 1929 1978; x_wconf 77' lang='lat' dir='ltr'><strong>ligidii,</strong></span> 
     </span>
     <span class='ocr_line' id='line_1_11' title="bbox 34 2009 1928 2092; baseline 0 -16"><span class='ocrx_word' id='word_1_138' title='bbox 34 2017 40 2033; x_wconf 82' lang='lat'>&#39;</span> <span class='ocrx_word' id='word_1_139' title='bbox 98 2015 246 2092; x_wconf 89' lang='lat' dir='ltr'><strong>armigero</strong></span> <span class='ocrx_word' id='word_1_140' title='bbox 268 2011 387 2074; x_wconf 76' lang='lat' dir='ltr'><strong>literato</strong></span> <span class='ocrx_word' id='word_1_141' title='bbox 409 2009 448 2074; x_wconf 90' lang='lat' dir='ltr'><strong>de</strong></span> <span class='ocrx_word' id='word_1_142' title='bbox 469 2011 590 2076; x_wconf 81' lang='lat' dir='ltr'><strong>ciuitate</strong></span> <span class='ocrx_word' id='word_1_143' title='bbox 611 2009 818 2088; x_wconf 71' lang='lat' dir='ltr'><strong>wintonensi,</strong></span> <span class='ocrx_word' id='word_1_144' title='bbox 841 2011 974 2076; x_wconf 83' lang='lat' dir='ltr'><strong>lieberto</strong></span> <span class='ocrx_word' id='word_1_145' title='bbox 995 2011 1126 2092; x_wconf 78' lang='lat' dir='ltr'><strong>ldartyu,</strong></span> <span class='ocrx_word' id='word_1_146' title='bbox 1149 2012 1269 2075; x_wconf 86' lang='lat' dir='ltr'><strong>literato</strong></span> <span class='ocrx_word' id='word_1_147' title='bbox 1292 2012 1359 2076; x_wconf 87' lang='lat' dir='ltr'><strong>ciue</strong></span> <span class='ocrx_word' id='word_1_148' title='bbox 1380 2020 1411 2075; x_wconf 93' lang='lat' dir='ltr'><strong>et</strong></span> <span class='ocrx_word' id='word_1_149' title='bbox 1431 2011 1592 2092; x_wconf 90' lang='lat' dir='ltr'><strong>pelliparin</strong></span> <span class='ocrx_word' id='word_1_150' title='bbox 1612 2011 1690 2076; x_wconf 92' lang='lat' dir='ltr'><strong>dicte</strong></span> <span class='ocrx_word' id='word_1_151' title='bbox 1707 2015 1838 2078; x_wconf 88' lang='lat' dir='ltr'><strong>ciuitatis</strong></span> <span class='ocrx_word' id='word_1_152' title='bbox 1851 2013 1928 2078; x_wconf 85' lang='lat' dir='ltr'><strong>Lon·</strong></span> 
     </span>
     <span class='ocr_line' id='line_1_12' title="bbox 99 2127 1929 2212; baseline 0.002 -20"><span class='ocrx_word' id='word_1_153' title='bbox 99 2129 247 2207; x_wconf 86' lang='lat' dir='ltr'><strong>dunensis,</strong></span> <span class='ocrx_word' id='word_1_154' title='bbox 269 2128 407 2193; x_wconf 85' lang='lat' dir='ltr'><strong>lobaune</strong></span> <span class='ocrx_word' id='word_1_155' title='bbox 424 2128 601 2208; x_wconf 87' lang='lat' dir='ltr'><strong>blrmdbam,</strong></span> <span class='ocrx_word' id='word_1_156' title='bbox 624 2129 752 2208; x_wconf 87' lang='lat' dir='ltr'><strong>clerieo,</strong></span> <span class='ocrx_word' id='word_1_157' title='bbox 768 2137 798 2192; x_wconf 92' lang='lat' dir='ltr'><strong>et</strong></span> <span class='ocrx_word' id='word_1_158' title='bbox 813 2129 950 2194; x_wconf 74' lang='lat' dir='ltr'><strong>iohanne</strong></span> <span class='ocrx_word' id='word_1_159' title='bbox 966 2127 1125 2212; x_wconf 87' lang='lat' dir='ltr'><strong>lllpbonsi,</strong></span> <span class='ocrx_word' id='word_1_160' title='bbox 1147 2129 1239 2207; x_wconf 87' lang='lat' dir='ltr'><strong>lnicn,</strong></span> <span class='ocrx_word' id='word_1_161' title='bbox 1261 2128 1466 2196; x_wconf 86' lang='lat' dir='ltr'><strong>Nnrwiccnsis</strong></span> <span class='ocrx_word' id='word_1_162' title='bbox 1485 2138 1515 2194; x_wconf 89' lang='lat' dir='ltr'><strong>et</strong></span> <span class='ocrx_word' id='word_1_163' title='bbox 1532 2129 1747 2196; x_wconf 87' lang='lat' dir='ltr'><strong>Ewnracensis</strong></span> <span class='ocrx_word' id='word_1_164' title='bbox 1761 2131 1929 2209; x_wconf 84' lang='lat' dir='ltr'><strong>dioceseos,</strong></span> 
     </span>
     <span class='ocr_line' id='line_1_13' title="bbox 101 2247 982 2330; baseline -0.001 -19"><span class='ocrx_word' id='word_1_165' title='bbox 101 2249 219 2312; x_wconf 88' lang='lat' dir='ltr'><strong>testibus</strong></span> <span class='ocrx_word' id='word_1_166' title='bbox 242 2247 282 2312; x_wconf 89' lang='lat' dir='ltr'><strong>ed</strong></span> <span class='ocrx_word' id='word_1_167' title='bbox 303 2249 452 2327; x_wconf 88' lang='lat' dir='ltr'><strong>premissa</strong></span> <span class='ocrx_word' id='word_1_168' title='bbox 475 2249 589 2312; x_wconf 76' lang='lat' dir='ltr'><strong>vocaus</strong></span> <span class='ocrx_word' id='word_1_169' title='bbox 611 2247 784 2327; x_wconf 79' lang='lat' dir='ltr'><strong>specialiter</strong></span> <span class='ocrx_word' id='word_1_170' title='bbox 804 2255 835 2310; x_wconf 92' lang='lat' dir='ltr'><strong>et</strong></span> <span class='ocrx_word' id='word_1_171' title='bbox 856 2249 982 2330; x_wconf 89' lang='lat' dir='ltr'><strong>rogetis.</strong></span> 
     </span>
    </p>

    <p class='ocr_par' dir='ltr' id='par_1_3' title="bbox 96 2364 1935 4698">
     <span class='ocr_line' id='line_1_14' title="bbox 246 2364 1935 2448; baseline 0.004 -20"><span class='ocrx_word' id='word_1_172' title='bbox 246 2365 284 2430; x_wconf 84' lang='lat' dir='ltr'><strong>lit</strong></span> <span class='ocrx_word' id='word_1_173' title='bbox 304 2383 373 2448; x_wconf 87' lang='lat' dir='ltr'><strong>ego,</strong></span> <span class='ocrx_word' id='word_1_174' title='bbox 393 2364 548 2430; x_wconf 87' lang='lat' dir='ltr'><strong>lebannes</strong></span> <span class='ocrx_word' id='word_1_175' title='bbox 569 2364 606 2429; x_wconf 89' lang='lat' dir='ltr'><strong>de</strong></span> <span class='ocrx_word' id='word_1_176' title='bbox 623 2365 726 2443; x_wconf 84' lang='lat' dir='ltr'><strong>Went,</strong></span> <span class='ocrx_word' id='word_1_177' title='bbox 748 2365 883 2430; x_wconf 85' lang='lat' dir='ltr'><strong>clericus&#39;</strong></span> <span class='ocrx_word' id='word_1_178' title='bbox 898 2365 1104 2432; x_wconf 76' lang='lat' dir='ltr'><strong>dardanensis</strong></span> <span class='ocrx_word' id='word_1_179' title='bbox 1125 2366 1291 2446; x_wconf 87' lang='lat' dir='ltr'><strong>dioceseos,</strong></span> <span class='ocrx_word' id='word_1_180' title='bbox 1314 2367 1436 2448; x_wconf 89' lang='lat' dir='ltr'><strong>publica</strong></span> <span class='ocrx_word' id='word_1_181' title='bbox 1457 2369 1635 2432; x_wconf 86' lang='lat' dir='ltr'><strong>auctoritate</strong></span> <span class='ocrx_word' id='word_1_182' title='bbox 1657 2367 1825 2448; x_wconf 88' lang='lat' dir='ltr'><strong>apostolice</strong></span> <span class='ocrx_word' id='word_1_183' title='bbox 1848 2377 1935 2434; x_wconf 86' lang='lat' dir='ltr'><strong>nota·</strong></span> 
     </span>
     <span class='ocr_line' id='line_1_15' title="bbox 98 2482 1934 2566; baseline 0.002 -20"><span class='ocrx_word' id='word_1_184' title='bbox 98 2485 172 2564; x_wconf 87' lang='lat' dir='ltr'><strong>rins,</strong></span> <span class='ocrx_word' id='word_1_185' title='bbox 206 2485 292 2549; x_wconf 91' lang='lat' dir='ltr'><strong>curie</strong></span> <span class='ocrx_word' id='word_1_186' title='bbox 314 2482 541 2548; x_wconf 80' lang='lat' dir='ltr'><strong>caemaricnsis</strong></span> <span class='ocrx_word' id='word_1_187' title='bbox 561 2485 757 2566; x_wconf 87' lang='lat' dir='ltr'><strong>registrarins</strong></span> <span class='ocrx_word' id='word_1_188' title='bbox 778 2491 809 2548; x_wconf 89' lang='lat' dir='ltr'><strong>et</strong></span> <span class='ocrx_word' id='word_1_189' title='bbox 830 2483 965 2548; x_wconf 88' lang='lat' dir='ltr'><strong>eiusdem</strong></span> <span class='ocrx_word' id='word_1_190' title='bbox 987 2485 1070 2548; x_wconf 88' lang='lat' dir='ltr'><strong>curie</strong></span> <span class='ocrx_word' id='word_1_191' title='bbox 1090 2493 1228 2550; x_wconf 89' lang='lat' dir='ltr'><strong>actorum</strong></span> <span class='ocrx_word' id='word_1_192' title='bbox 1249 2485 1368 2563; x_wconf 88' lang='lat' dir='ltr'><strong>scriba,</strong></span> <span class='ocrx_word' id='word_1_193' title='bbox 1405 2486 1457 2565; x_wconf 85' lang='lat' dir='ltr'><strong>qui</strong></span> <span class='ocrx_word' id='word_1_194' title='bbox 1478 2487 1637 2565; x_wconf 88' lang='lat' dir='ltr'><strong>premissis</strong></span> <span class='ocrx_word' id='word_1_195' title='bbox 1657 2487 1799 2550; x_wconf 91' lang='lat' dir='ltr'><strong>omnibus</strong></span> <span class='ocrx_word' id='word_1_196' title='bbox 1820 2495 1850 2550; x_wconf 92' lang='lat' dir='ltr'><strong>et</strong></span> <span class='ocrx_word' id='word_1_197' title='bbox 1871 2489 1934 2550; x_wconf 90' lang='lat' dir='ltr'><strong>sin·</strong></span> 
     </span>
     <span class='ocr_line' id='line_1_16' title="bbox 98 2602 1933 2684; baseline 0.002 -18"><span class='ocrx_word' id='word_1_198' title='bbox 98 2603 181 2684; x_wconf 88' lang='lat' dir='ltr'><strong>gulis,</strong></span> <span class='ocrx_word' id='word_1_199' title='bbox 201 2603 279 2667; x_wconf 89' lang='lat' dir='ltr'><strong>dum</strong></span> <span class='ocrx_word' id='word_1_200' title='bbox 300 2604 355 2679; x_wconf 89' lang='lat' dir='ltr'><strong>sic,</strong></span> <span class='ocrx_word' id='word_1_201' title='bbox 378 2611 410 2666; x_wconf 85' lang='lat' dir='ltr'><strong>rt</strong></span> <span class='ocrx_word' id='word_1_202' title='bbox 430 2602 623 2680; x_wconf 87' lang='lat' dir='ltr'><strong>premittitur,</strong></span> <span class='ocrx_word' id='word_1_203' title='bbox 646 2603 704 2666; x_wconf 91' lang='lat' dir='ltr'><strong>sub</strong></span> <span class='ocrx_word' id='word_1_204' title='bbox 726 2619 807 2666; x_wconf 89' lang='lat' dir='ltr'><strong>enno</strong></span> <span class='ocrx_word' id='word_1_205' title='bbox 828 2603 867 2667; x_wconf 83' lang='lat' dir='ltr'><strong>ab</strong></span> <span class='ocrx_word' id='word_1_206' title='bbox 890 2603 1099 2666; x_wconf 73' lang='lat' dir='ltr'><strong>incarnatione</strong></span> <span class='ocrx_word' id='word_1_207' title='bbox 1114 2602 1247 2682; x_wconf 83' lang='lat' dir='ltr'><strong>Domini,</strong></span> <span class='ocrx_word' id='word_1_208' title='bbox 1272 2604 1446 2682; x_wconf 88' lang='lat' dir='ltr'><strong>indictione,</strong></span> <span class='ocrx_word' id='word_1_209' title='bbox 1469 2602 1655 2682; x_wconf 81' lang='lat' dir='ltr'><strong>pontificatu,</strong></span> <span class='ocrx_word' id='word_1_210' title='bbox 1683 2619 1797 2681; x_wconf 88' lang='lat' dir='ltr'><strong>mense,</strong></span> <span class='ocrx_word' id='word_1_211' title='bbox 1825 2603 1933 2670; x_wconf 91' lang='lat' dir='ltr'><strong>diebus</strong></span> 
     </span>
     <span class='ocr_line' id='line_1_17' title="bbox 98 2719 1930 2823; baseline 0.001 -39"><span class='ocrx_word' id='word_1_212' title='bbox 98 2729 124 2784; x_wconf 90' lang='lat' dir='ltr'><strong>et</strong></span> <span class='ocrx_word' id='word_1_213' title='bbox 144 2722 209 2786; x_wconf 90' lang='lat' dir='ltr'><strong>loco</strong></span> <span class='ocrx_word' id='word_1_214' title='bbox 232 2728 303 2786; x_wconf 88' lang='lat' dir='ltr'><strong>aute</strong></span> <span class='ocrx_word' id='word_1_215' title='bbox 325 2729 458 2784; x_wconf 89' lang='lat' dir='ltr'><strong>tenorem</strong></span> <span class='ocrx_word' id='word_1_216' title='bbox 480 2719 597 2801; x_wconf 78' lang='lat' dir='ltr'><strong>prefate</strong></span> <span class='ocrx_word' id='word_1_217' title='bbox 620 2727 689 2784; x_wconf 88' lang='lat' dir='ltr'><strong>note</strong></span> <span class='ocrx_word' id='word_1_218' title='bbox 712 2721 778 2784; x_wconf 86' lang='lat' dir='ltr'><strong>siue</strong></span> <span class='ocrx_word' id='word_1_219' title='bbox 798 2720 983 2823; x_wconf 73' lang='lat' dir='ltr'><strong>protbncolli</strong></span> <span class='ocrx_word' id='word_1_220' title='bbox 1004 2719 1077 2784; x_wconf 89' lang='lat' dir='ltr'><strong>dicti</strong></span> <span class='ocrx_word' id='word_1_221' title='bbox 1100 2722 1238 2804; x_wconf 84' lang='lat' dir='ltr'><strong>magistri</strong></span> <span class='ocrx_word' id='word_1_222' title='bbox 1253 2721 1333 2786; x_wconf 88' lang='lat' dir='ltr'><strong>Petri</strong></span> <span class='ocrx_word' id='word_1_223' title='bbox 1351 2719 1488 2786; x_wconf 87' lang='lat' dir='ltr'><strong>Cbercbe</strong></span> <span class='ocrx_word' id='word_1_224' title='bbox 1509 2723 1649 2804; x_wconf 90' lang='lat' dir='ltr'><strong>superins</strong></span> <span class='ocrx_word' id='word_1_225' title='bbox 1671 2722 1862 2802; x_wconf 79' lang='lat' dir='ltr'><strong>specificatis,</strong></span> <span class='ocrx_word' id='word_1_226' title='bbox 1879 2737 1930 2786; x_wconf 93' lang='lat' dir='ltr'><strong>co-</strong></span> 
     </span>
     <span class='ocr_line' id='line_1_18' title="bbox 98 2836 1933 2919; baseline -0.001 -15"><span class='ocrx_word' id='word_1_227' title='bbox 98 2856 157 2904; x_wconf 91' lang='lat' dir='ltr'><strong>ram</strong></span> <span class='ocrx_word' id='word_1_228' title='bbox 178 2837 308 2919; x_wconf 86' lang='lat' dir='ltr'><strong>prelatis</strong></span> <span class='ocrx_word' id='word_1_229' title='bbox 330 2838 551 2904; x_wconf 78' lang='lat' dir='ltr'><strong>venerabilibus</strong></span> <span class='ocrx_word' id='word_1_230' title='bbox 573 2839 662 2916; x_wconf 84' lang='lat' dir='ltr'><strong>viris,</strong></span> <span class='ocrx_word' id='word_1_231' title='bbox 689 2839 821 2904; x_wconf 85' lang='lat' dir='ltr'><strong>dominis</strong></span> <span class='ocrx_word' id='word_1_232' title='bbox 846 2837 971 2904; x_wconf 81' lang='lat' dir='ltr'><strong>oillciali</strong></span> <span class='ocrx_word' id='word_1_233' title='bbox 993 2843 1076 2904; x_wconf 91' lang='lat' dir='ltr'><strong>cnrie</strong></span> <span class='ocrx_word' id='word_1_234' title='bbox 1097 2836 1326 2904; x_wconf 87' lang='lat' dir='ltr'><strong>Cantueriensis</strong></span> <span class='ocrx_word' id='word_1_235' title='bbox 1352 2857 1388 2902; x_wconf 90' lang='lat' dir='ltr'><strong>ac</strong></span> <span class='ocrx_word' id='word_1_236' title='bbox 1409 2839 1545 2917; x_wconf 88' lang='lat' dir='ltr'><strong>decano,</strong></span> <span class='ocrx_word' id='word_1_237' title='bbox 1576 2840 1787 2904; x_wconf 81' lang='lat' dir='ltr'><strong>commissario</strong></span> <span class='ocrx_word' id='word_1_238' title='bbox 1808 2855 1882 2918; x_wconf 90' lang='lat' dir='ltr'><strong>sno,</strong></span> <span class='ocrx_word' id='word_1_239' title='bbox 1905 2847 1933 2904; x_wconf 85' lang='lat' dir='ltr'><strong>et</strong></span> 
     </span>
     <span class='ocr_line' id='line_1_19' title="bbox 97 2953 1932 3041; baseline 0.001 -21"><span class='ocrx_word' id='word_1_240' title='bbox 97 2975 147 3036; x_wconf 90' lang='lat' dir='ltr'><strong>per</strong></span> <span class='ocrx_word' id='word_1_241' title='bbox 167 2975 219 3024; x_wconf 91' lang='lat' dir='ltr'><strong>eos</strong></span> <span class='ocrx_word' id='word_1_242' title='bbox 242 2965 407 3041; x_wconf 89' lang='lat' dir='ltr'><strong>agerentur</strong></span> <span class='ocrx_word' id='word_1_243' title='bbox 428 2964 457 3020; x_wconf 87' lang='lat' dir='ltr'><strong>et</strong></span> <span class='ocrx_word' id='word_1_244' title='bbox 478 2955 599 3034; x_wconf 83' lang='lat' dir='ltr'><strong>nerent,</strong></span> <span class='ocrx_word' id='word_1_245' title='bbox 629 2973 687 3020; x_wconf 86' lang='lat' dir='ltr'><strong>rna</strong></span> <span class='ocrx_word' id='word_1_246' title='bbox 708 2973 777 3020; x_wconf 90' lang='lat' dir='ltr'><strong>cum</strong></span> <span class='ocrx_word' id='word_1_247' title='bbox 799 2958 1019 3036; x_wconf 86' lang='lat' dir='ltr'><strong>prenominatis</strong></span> <span class='ocrx_word' id='word_1_248' title='bbox 1041 2959 1193 3040; x_wconf 75' lang='lat' dir='ltr'><strong>mag&#39;stris</strong></span> <span class='ocrx_word' id='word_1_249' title='bbox 1213 2956 1351 3021; x_wconf 88' lang='lat' dir='ltr'><strong>lobanne</strong></span> <span class='ocrx_word' id='word_1_250' title='bbox 1373 2953 1536 3034; x_wconf 88' lang='lat' dir='ltr'><strong>Gerebert,</strong></span> <span class='ocrx_word' id='word_1_251' title='bbox 1564 2957 1690 3021; x_wconf 87' lang='lat' dir='ltr'><strong>custode</strong></span> <span class='ocrx_word' id='word_1_252' title='bbox 1712 2959 1832 3040; x_wconf 74' lang='lat' dir='ltr'><strong>registri</strong></span> <span class='ocrx_word' id='word_1_253' title='bbox 1854 2957 1932 3022; x_wconf 91' lang='lat' dir='ltr'><strong>dicte</strong></span> 
     </span>
     <span class='ocr_line' id='line_1_20' title="bbox 98 3072 1925 3155; baseline 0 -15"><span class='ocrx_word' id='word_1_254' title='bbox 98 3078 183 3155; x_wconf 88' lang='lat' dir='ltr'><strong>curie,</strong></span> <span class='ocrx_word' id='word_1_255' title='bbox 206 3084 237 3140; x_wconf 88' lang='lat' dir='ltr'><strong>et</strong></span> <span class='ocrx_word' id='word_1_256' title='bbox 253 3075 391 3140; x_wconf 90' lang='lat' dir='ltr'><strong>lobanne</strong></span> <span class='ocrx_word' id='word_1_257' title='bbox 411 3075 590 3154; x_wconf 86' lang='lat' dir='ltr'><strong>Penlstone,</strong></span> <span class='ocrx_word' id='word_1_258' title='bbox 613 3077 738 3138; x_wconf 89' lang='lat' dir='ltr'><strong>notariis</strong></span> <span class='ocrx_word' id='word_1_259' title='bbox 760 3075 902 3155; x_wconf 88' lang='lat' dir='ltr'><strong>publicis,</strong></span> <span class='ocrx_word' id='word_1_260' title='bbox 924 3074 973 3138; x_wconf 90' lang='lat' dir='ltr'><strong>die</strong></span> <span class='ocrx_word' id='word_1_261' title='bbox 987 3074 1084 3152; x_wconf 88' lang='lat' dir='ltr'><strong>louis,</strong></span> <span class='ocrx_word' id='word_1_262' title='bbox 1108 3076 1248 3140; x_wconf 82' lang='lat' dir='ltr'><strong>vicesimo</strong></span> <span class='ocrx_word' id='word_1_263' title='bbox 1271 3076 1360 3139; x_wconf 90' lang='lat' dir='ltr'><strong>tertio</strong></span> <span class='ocrx_word' id='word_1_264' title='bbox 1381 3077 1493 3140; x_wconf 88' lang='lat' dir='ltr'><strong>mensis</strong></span> <span class='ocrx_word' id='word_1_265' title='bbox 1514 3072 1695 3153; x_wconf 79' lang='lat' dir='ltr'><strong>Flebrnarii,</strong></span> <span class='ocrx_word' id='word_1_266' title='bbox 1723 3076 1925 3154; x_wconf 89' lang='lat' dir='ltr'><strong>presentibus,</strong></span> 
     </span>
     <span class='ocr_line' id='line_1_21' title="bbox 98 3191 1930 3276; baseline -0.001 -16"><span class='ocrx_word' id='word_1_267' title='bbox 98 3211 216 3275; x_wconf 86' lang='lat' dir='ltr'><strong>presens</strong></span> <span class='ocrx_word' id='word_1_268' title='bbox 239 3193 377 3272; x_wconf 86' lang='lat' dir='ltr'><strong>interlui,</strong></span> <span class='ocrx_word' id='word_1_269' title='bbox 406 3210 502 3274; x_wconf 84' lang='lat' dir='ltr'><strong>eaque</strong></span> <span class='ocrx_word' id='word_1_270' title='bbox 524 3194 625 3256; x_wconf 90' lang='lat' dir='ltr'><strong>omnia</strong></span> <span class='ocrx_word' id='word_1_271' title='bbox 648 3201 678 3256; x_wconf 91' lang='lat' dir='ltr'><strong>et</strong></span> <span class='ocrx_word' id='word_1_272' title='bbox 699 3192 821 3276; x_wconf 88' lang='lat' dir='ltr'><strong>singula</strong></span> <span class='ocrx_word' id='word_1_273' title='bbox 842 3195 887 3257; x_wconf 89' lang='lat' dir='ltr'><strong>sic</strong></span> <span class='ocrx_word' id='word_1_274' title='bbox 908 3193 974 3257; x_wconf 84' lang='lat' dir='ltr'><strong>deri</strong></span> <span class='ocrx_word' id='word_1_275' title='bbox 996 3192 1057 3258; x_wconf 90' lang='lat' dir='ltr'><strong>ridi</strong></span> <span class='ocrx_word' id='word_1_276' title='bbox 1079 3201 1109 3256; x_wconf 88' lang='lat' dir='ltr'><strong>et</strong></span> <span class='ocrx_word' id='word_1_277' title='bbox 1129 3193 1245 3258; x_wconf 88' lang='lat' dir='ltr'><strong>audiui.</strong></span> <span class='ocrx_word' id='word_1_278' title='bbox 1290 3192 1421 3256; x_wconf 83' lang='lat' dir='ltr'><strong>Aliunde</strong></span> <span class='ocrx_word' id='word_1_279' title='bbox 1447 3201 1612 3272; x_wconf 87' lang='lat' dir='ltr'><strong>occupatus</strong></span> <span class='ocrx_word' id='word_1_280' title='bbox 1639 3210 1695 3274; x_wconf 91' lang='lat' dir='ltr'><strong>per</strong></span> <span class='ocrx_word' id='word_1_281' title='bbox 1720 3191 1815 3256; x_wconf 89' lang='lat' dir='ltr'><strong>alium</strong></span> <span class='ocrx_word' id='word_1_282' title='bbox 1837 3196 1930 3258; x_wconf 89' lang='lat' dir='ltr'><strong>scribi</strong></span> 
     </span>
     <span class='ocr_line' id='line_1_22' title="bbox 99 3307 1930 3394; baseline -0.001 -19"><span class='ocrx_word' id='word_1_283' title='bbox 99 3313 150 3378; x_wconf 90' lang='lat' dir='ltr'><strong>leci</strong></span> <span class='ocrx_word' id='word_1_284' title='bbox 189 3313 304 3379; x_wconf 90' lang='lat' dir='ltr'><strong>dictam</strong></span> <span class='ocrx_word' id='word_1_285' title='bbox 332 3320 437 3377; x_wconf 77' lang='lat' dir='ltr'><strong>noum</strong></span> <span class='ocrx_word' id='word_1_286' title='bbox 459 3312 531 3376; x_wconf 88' lang='lat' dir='ltr'><strong>sinc</strong></span> <span class='ocrx_word' id='word_1_287' title='bbox 559 3311 802 3391; x_wconf 91' lang='lat' dir='ltr'><strong>protbocollnm,</strong></span> <span class='ocrx_word' id='word_1_288' title='bbox 836 3328 928 3392; x_wconf 87' lang='lat' dir='ltr'><strong>quam</strong></span> <span class='ocrx_word' id='word_1_289' title='bbox 960 3328 1014 3376; x_wconf 91' lang='lat' dir='ltr'><strong>seu</strong></span> <span class='ocrx_word' id='word_1_290' title='bbox 1043 3310 1125 3390; x_wconf 84' lang='lat' dir='ltr'><strong>quod</strong></span> <span class='ocrx_word' id='word_1_291' title='bbox 1152 3309 1288 3392; x_wconf 85' lang='lat' dir='ltr'><strong>prelatus</strong></span> <span class='ocrx_word' id='word_1_292' title='bbox 1316 3311 1465 3394; x_wconf 87' lang='lat' dir='ltr'><strong>magister</strong></span> <span class='ocrx_word' id='word_1_293' title='bbox 1492 3310 1599 3373; x_wconf 84' lang='lat' dir='ltr'><strong>Petrus</strong></span> <span class='ocrx_word' id='word_1_294' title='bbox 1627 3307 1765 3375; x_wconf 89' lang='lat' dir='ltr'><strong>Cbercbe</strong></span> <span class='ocrx_word' id='word_1_295' title='bbox 1794 3311 1930 3374; x_wconf 87' lang='lat' dir='ltr'><strong>notarius</strong></span> 
     </span>
     <span class='ocr_line' id='line_1_23' title="bbox 98 3427 1930 3513; baseline -0.003 -17"><span class='ocrx_word' id='word_1_296' title='bbox 98 3435 211 3513; x_wconf 87' lang='lat' dir='ltr'><strong>scripsit</strong></span> <span class='ocrx_word' id='word_1_297' title='bbox 233 3449 271 3495; x_wconf 87' lang='lat' dir='ltr'><strong>ae</strong></span> <span class='ocrx_word' id='word_1_298' title='bbox 292 3431 388 3508; x_wconf 87' lang='lat' dir='ltr'><strong>senin,</strong></span> <span class='ocrx_word' id='word_1_299' title='bbox 410 3430 583 3494; x_wconf 89' lang='lat' dir='ltr'><strong>indrmitate</strong></span> <span class='ocrx_word' id='word_1_300' title='bbox 604 3438 634 3492; x_wconf 89' lang='lat' dir='ltr'><strong>et</strong></span> <span class='ocrx_word' id='word_1_301' title='bbox 655 3429 810 3494; x_wconf 88' lang='lat' dir='ltr'><strong>debilitate</strong></span> <span class='ocrx_word' id='word_1_302' title='bbox 825 3431 989 3512; x_wconf 88' lang='lat' dir='ltr'><strong>impeditus</strong></span> <span class='ocrx_word' id='word_1_303' title='bbox 1010 3430 1157 3511; x_wconf 87' lang='lat' dir='ltr'><strong>perlicere</strong></span> <span class='ocrx_word' id='word_1_304' title='bbox 1177 3439 1231 3494; x_wconf 88' lang='lat' dir='ltr'><strong>aut</strong></span> <span class='ocrx_word' id='word_1_305' title='bbox 1251 3427 1379 3509; x_wconf 90' lang='lat' dir='ltr'><strong>implere</strong></span> <span class='ocrx_word' id='word_1_306' title='bbox 1400 3444 1459 3492; x_wconf 90' lang='lat' dir='ltr'><strong>non</strong></span> <span class='ocrx_word' id='word_1_307' title='bbox 1476 3430 1584 3508; x_wconf 86' lang='lat' dir='ltr'><strong>potuit,</strong></span> <span class='ocrx_word' id='word_1_308' title='bbox 1608 3429 1787 3492; x_wconf 87' lang='lat' dir='ltr'><strong>auctoritate</strong></span> <span class='ocrx_word' id='word_1_309' title='bbox 1800 3436 1830 3492; x_wconf 89' lang='lat' dir='ltr'><strong>et</strong></span> <span class='ocrx_word' id='word_1_310' title='bbox 1844 3444 1930 3491; x_wconf 88' lang='lat' dir='ltr'><strong>man·</strong></span> 
     </span>
     <span class='ocr_line' id='line_1_24' title="bbox 98 3545 1928 3628; baseline -0.003 -13"><span class='ocrx_word' id='word_1_311' title='bbox 98 3550 163 3614; x_wconf 90' lang='lat' dir='ltr'><strong>dato</strong></span> <span class='ocrx_word' id='word_1_312' title='bbox 184 3550 259 3615; x_wconf 85' lang='lat' dir='ltr'><strong>dicti</strong></span> <span class='ocrx_word' id='word_1_313' title='bbox 280 3550 394 3615; x_wconf 94' lang='lat' dir='ltr'><strong>domini</strong></span> <span class='ocrx_word' id='word_1_314' title='bbox 417 3547 524 3612; x_wconf 88' lang='lat' dir='ltr'><strong>decani</strong></span> <span class='ocrx_word' id='word_1_315' title='bbox 544 3555 575 3610; x_wconf 88' lang='lat' dir='ltr'><strong>et</strong></span> <span class='ocrx_word' id='word_1_316' title='bbox 602 3549 803 3614; x_wconf 89' lang='lat' dir='ltr'><strong>commissarii</strong></span> <span class='ocrx_word' id='word_1_317' title='bbox 832 3547 871 3611; x_wconf 89' lang='lat' dir='ltr'><strong>ed</strong></span> <span class='ocrx_word' id='word_1_318' title='bbox 900 3548 1074 3612; x_wconf 87' lang='lat' dir='ltr'><strong>instantiam</strong></span> <span class='ocrx_word' id='word_1_319' title='bbox 1103 3557 1132 3612; x_wconf 88' lang='lat' dir='ltr'><strong>et</strong></span> <span class='ocrx_word' id='word_1_320' title='bbox 1154 3548 1380 3624; x_wconf 87' lang='lat' dir='ltr'><strong>requisitionem</strong></span> <span class='ocrx_word' id='word_1_321' title='bbox 1403 3545 1512 3627; x_wconf 87' lang='lat' dir='ltr'><strong>prelati</strong></span> <span class='ocrx_word' id='word_1_322' title='bbox 1538 3547 1676 3628; x_wconf 85' lang='lat' dir='ltr'><strong>magistri</strong></span> <span class='ocrx_word' id='word_1_323' title='bbox 1698 3545 1821 3610; x_wconf 83' lang='lat' dir='ltr'><strong>liuberti</strong></span> <span class='ocrx_word' id='word_1_324' title='bbox 1841 3546 1928 3624; x_wconf 84' lang='lat' dir='ltr'><strong>Keut,</strong></span> 
     </span>
     <span class='ocr_line' id='line_1_25' title="bbox 98 3661 1929 3748; baseline -0.002 -16"><span class='ocrx_word' id='word_1_325' title='bbox 98 3669 301 3748; x_wconf 87' lang='lat' dir='ltr'><strong>procuratoris</strong></span> <span class='ocrx_word' id='word_1_326' title='bbox 322 3667 461 3748; x_wconf 88' lang='lat' dir='ltr'><strong>predicti,</strong></span> <span class='ocrx_word' id='word_1_327' title='bbox 485 3667 688 3744; x_wconf 87' lang='lat' dir='ltr'><strong>transscripai,</strong></span> <span class='ocrx_word' id='word_1_328' title='bbox 711 3670 913 3747; x_wconf 81' lang='lat' dir='ltr'><strong>transsumpsi</strong></span> <span class='ocrx_word' id='word_1_329' title='bbox 935 3675 964 3730; x_wconf 88' lang='lat' dir='ltr'><strong>et</strong></span> <span class='ocrx_word' id='word_1_330' title='bbox 980 3665 1151 3747; x_wconf 82' lang='lat' dir='ltr'><strong>exemplaui</strong></span> <span class='ocrx_word' id='word_1_331' title='bbox 1174 3682 1210 3730; x_wconf 87' lang='lat' dir='ltr'><strong>ac</strong></span> <span class='ocrx_word' id='word_1_332' title='bbox 1232 3667 1261 3729; x_wconf 94' lang='lat' dir='ltr'><strong>in</strong></span> <span class='ocrx_word' id='word_1_333' title='bbox 1284 3663 1414 3728; x_wconf 90' lang='lat' dir='ltr'><strong>lormam</strong></span> <span class='ocrx_word' id='word_1_334' title='bbox 1436 3665 1589 3745; x_wconf 88' lang='lat' dir='ltr'><strong>publicam</strong></span> <span class='ocrx_word' id='word_1_335' title='bbox 1612 3661 1726 3747; x_wconf 82' lang='lat' dir='ltr'><strong>redegi,</strong></span> <span class='ocrx_word' id='word_1_336' title='bbox 1749 3663 1792 3728; x_wconf 95' lang='lat' dir='ltr'><strong>uil</strong></span> <span class='ocrx_word' id='word_1_337' title='bbox 1814 3663 1929 3728; x_wconf 86' lang='lat' dir='ltr'><strong>addens</strong></span> 
     </span>
     <span class='ocr_line' id='line_1_26' title="bbox 98 3781 1929 3867; baseline -0.002 -17"><span class='ocrx_word' id='word_1_338' title='bbox 98 3790 138 3853; x_wconf 88' lang='lat' dir='ltr'><strong>rel</strong></span> <span class='ocrx_word' id='word_1_339' title='bbox 160 3790 310 3865; x_wconf 88' lang='lat' dir='ltr'><strong>minuens,</strong></span> <span class='ocrx_word' id='word_1_340' title='bbox 331 3786 414 3867; x_wconf 84' lang='lat' dir='ltr'><strong>quod</strong></span> <span class='ocrx_word' id='word_1_341' title='bbox 435 3785 508 3850; x_wconf 89' lang='lat' dir='ltr'><strong>lacti</strong></span> <span class='ocrx_word' id='word_1_342' title='bbox 529 3784 729 3849; x_wconf 87' lang='lat' dir='ltr'><strong>substantiam</strong></span> <span class='ocrx_word' id='word_1_343' title='bbox 750 3793 846 3850; x_wconf 92' lang='lat' dir='ltr'><strong>mutet</strong></span> <span class='ocrx_word' id='word_1_344' title='bbox 867 3784 914 3850; x_wconf 86' lang='lat' dir='ltr'><strong>vel</strong></span> <span class='ocrx_word' id='word_1_345' title='bbox 936 3787 1030 3850; x_wconf 79' lang='lat' dir='ltr'><strong>variet</strong></span> <span class='ocrx_word' id='word_1_346' title='bbox 1052 3783 1247 3848; x_wconf 89' lang='lat' dir='ltr'><strong>intellectum.</strong></span> <span class='ocrx_word' id='word_1_347' title='bbox 1292 3781 1329 3846; x_wconf 84' lang='lat' dir='ltr'><strong>lit</strong></span> <span class='ocrx_word' id='word_1_348' title='bbox 1350 3785 1423 3863; x_wconf 81' lang='lat' dir='ltr'><strong>qnia</strong></span> <span class='ocrx_word' id='word_1_349' title='bbox 1444 3781 1607 3846; x_wconf 88' lang='lat' dir='ltr'><strong>collatione</strong></span> <span class='ocrx_word' id='word_1_350' title='bbox 1628 3789 1658 3846; x_wconf 92' lang='lat' dir='ltr'><strong>et</strong></span> <span class='ocrx_word' id='word_1_351' title='bbox 1673 3781 1872 3846; x_wconf 88' lang='lat' dir='ltr'><strong>ascultatinne</strong></span> <span class='ocrx_word' id='word_1_352' title='bbox 1890 3783 1929 3847; x_wconf 92' lang='lat' dir='ltr'><strong>de</strong></span> 
     </span>
     <span class='ocr_line' id='line_1_27' title="bbox 96 3900 1927 3986; baseline -0.003 -15"><span class='ocrx_word' id='word_1_353' title='bbox 96 3909 135 3971; x_wconf 86' lang='lat' dir='ltr'><strong>sic</strong></span> <span class='ocrx_word' id='word_1_354' title='bbox 155 3914 363 3986; x_wconf 87' lang='lat' dir='ltr'><strong>transsumpto</strong></span> <span class='ocrx_word' id='word_1_355' title='bbox 385 3921 443 3968; x_wconf 86' lang='lat' dir='ltr'><strong>rna</strong></span> <span class='ocrx_word' id='word_1_356' title='bbox 465 3919 535 3970; x_wconf 86' lang='lat' dir='ltr'><strong>enm</strong></span> <span class='ocrx_word' id='word_1_357' title='bbox 556 3903 637 3968; x_wconf 90' lang='lat' dir='ltr'><strong>dicta</strong></span> <span class='ocrx_word' id='word_1_358' title='bbox 659 3911 730 3969; x_wconf 88' lang='lat' dir='ltr'><strong>note</strong></span> <span class='ocrx_word' id='word_1_359' title='bbox 752 3905 817 3970; x_wconf 89' lang='lat' dir='ltr'><strong>sinc</strong></span> <span class='ocrx_word' id='word_1_360' title='bbox 839 3901 1032 3984; x_wconf 88' lang='lat' dir='ltr'><strong>protbncollo</strong></span> <span class='ocrx_word' id='word_1_361' title='bbox 1053 3901 1198 3986; x_wconf 80' lang='lat' dir='ltr'><strong>originali</strong></span> <span class='ocrx_word' id='word_1_362' title='bbox 1215 3917 1283 3966; x_wconf 86' lang='lat' dir='ltr'><strong>eum</strong></span> <span class='ocrx_word' id='word_1_363' title='bbox 1300 3900 1418 3983; x_wconf 88' lang='lat' dir='ltr'><strong>prelato</strong></span> <span class='ocrx_word' id='word_1_364' title='bbox 1436 3902 1583 3984; x_wconf 86' lang='lat' dir='ltr'><strong>magistro</strong></span> <span class='ocrx_word' id='word_1_365' title='bbox 1596 3900 1734 3965; x_wconf 80' lang='lat' dir='ltr'><strong>iohanne</strong></span> <span class='ocrx_word' id='word_1_366' title='bbox 1746 3901 1927 3980; x_wconf 86' lang='lat' dir='ltr'><strong>Penlrstone,</strong></span> 
     </span>
     <span class='ocr_line' id='line_1_28' title="bbox 98 4019 1929 4107; baseline -0.002 -19"><span class='ocrx_word' id='word_1_367' title='bbox 98 4027 210 4090; x_wconf 88' lang='lat' dir='ltr'><strong>notario</strong></span> <span class='ocrx_word' id='word_1_368' title='bbox 233 4025 368 4107; x_wconf 82' lang='lat' dir='ltr'><strong>publico,</strong></span> <span class='ocrx_word' id='word_1_369' title='bbox 390 4021 550 4105; x_wconf 86' lang='lat' dir='ltr'><strong>ddigenter</strong></span> <span class='ocrx_word' id='word_1_370' title='bbox 571 4030 601 4086; x_wconf 89' lang='lat' dir='ltr'><strong>et</strong></span> <span class='ocrx_word' id='word_1_371' title='bbox 622 4022 751 4088; x_wconf 88' lang='lat' dir='ltr'><strong>ddeliter</strong></span> <span class='ocrx_word' id='word_1_372' title='bbox 771 4021 871 4100; x_wconf 86' lang='lat' dir='ltr'><strong>iactis,</strong></span> <span class='ocrx_word' id='word_1_373' title='bbox 893 4039 950 4104; x_wconf 89' lang='lat' dir='ltr'><strong>per</strong></span> <span class='ocrx_word' id='word_1_374' title='bbox 971 4020 1093 4086; x_wconf 88' lang='lat' dir='ltr'><strong>easdem</strong></span> <span class='ocrx_word' id='word_1_375' title='bbox 1116 4020 1312 4085; x_wconf 88' lang='lat' dir='ltr'><strong>collationem</strong></span> <span class='ocrx_word' id='word_1_376' title='bbox 1335 4026 1364 4083; x_wconf 88' lang='lat' dir='ltr'><strong>et</strong></span> <span class='ocrx_word' id='word_1_377' title='bbox 1385 4019 1616 4098; x_wconf 83' lang='lat' dir='ltr'><strong>assultationem</strong></span> <span class='ocrx_word' id='word_1_378' title='bbox 1639 4019 1812 4085; x_wconf 87' lang='lat' dir='ltr'><strong>huiusmodi</strong></span> <span class='ocrx_word' id='word_1_379' title='bbox 1829 4028 1929 4084; x_wconf 87' lang='lat' dir='ltr'><strong>trans-</strong></span> 
     </span>
     <span class='ocr_line' id='line_1_29' title="bbox 97 4137 1928 4226; baseline -0.003 -20"><span class='ocrx_word' id='word_1_380' title='bbox 97 4153 245 4226; x_wconf 87' lang='lat' dir='ltr'><strong>sumptum</strong></span> <span class='ocrx_word' id='word_1_381' title='bbox 267 4160 326 4208; x_wconf 85' lang='lat' dir='ltr'><strong>rna</strong></span> <span class='ocrx_word' id='word_1_382' title='bbox 348 4157 417 4210; x_wconf 92' lang='lat' dir='ltr'><strong>cum</strong></span> <span class='ocrx_word' id='word_1_383' title='bbox 438 4142 518 4205; x_wconf 87' lang='lat' dir='ltr'><strong>dicta</strong></span> <span class='ocrx_word' id='word_1_384' title='bbox 540 4148 613 4206; x_wconf 71' lang='lat' dir='ltr'><strong>nom</strong></span> <span class='ocrx_word' id='word_1_385' title='bbox 634 4142 699 4206; x_wconf 89' lang='lat' dir='ltr'><strong>sine</strong></span> <span class='ocrx_word' id='word_1_386' title='bbox 720 4140 913 4223; x_wconf 88' lang='lat' dir='ltr'><strong>protbocollo</strong></span> <span class='ocrx_word' id='word_1_387' title='bbox 934 4139 1079 4223; x_wconf 82' lang='lat' dir='ltr'><strong>originali</strong></span> <span class='ocrx_word' id='word_1_388' title='bbox 1100 4141 1131 4203; x_wconf 95' lang='lat' dir='ltr'><strong>in</strong></span> <span class='ocrx_word' id='word_1_389' title='bbox 1154 4140 1297 4204; x_wconf 90' lang='lat' dir='ltr'><strong>omnibns</strong></span> <span class='ocrx_word' id='word_1_390' title='bbox 1319 4137 1507 4203; x_wconf 88' lang='lat' dir='ltr'><strong>concordare</strong></span> <span class='ocrx_word' id='word_1_391' title='bbox 1534 4138 1655 4216; x_wconf 91' lang='lat' dir='ltr'><strong>inueni,</strong></span> <span class='ocrx_word' id='word_1_392' title='bbox 1688 4137 1732 4201; x_wconf 91' lang='lat' dir='ltr'><strong>nil</strong></span> <span class='ocrx_word' id='word_1_393' title='bbox 1755 4137 1858 4202; x_wconf 89' lang='lat' dir='ltr'><strong>addito</strong></span> <span class='ocrx_word' id='word_1_394' title='bbox 1879 4139 1928 4202; x_wconf 83' lang='lat' dir='ltr'><strong>rel</strong></span> 
     </span>
     <span class='ocr_line' id='line_1_30' title="bbox 97 4256 1928 4342; baseline -0.004 -14"><span class='ocrx_word' id='word_1_395' title='bbox 97 4272 221 4341; x_wconf 89' lang='lat' dir='ltr'><strong>mutato,</strong></span> <span class='ocrx_word' id='word_1_396' title='bbox 251 4261 334 4342; x_wconf 83' lang='lat' dir='ltr'><strong>quod</strong></span> <span class='ocrx_word' id='word_1_397' title='bbox 355 4259 427 4326; x_wconf 82' lang='lat' dir='ltr'><strong>faeti</strong></span> <span class='ocrx_word' id='word_1_398' title='bbox 448 4260 649 4326; x_wconf 88' lang='lat' dir='ltr'><strong>substantiam</strong></span> <span class='ocrx_word' id='word_1_399' title='bbox 670 4266 764 4324; x_wconf 90' lang='lat' dir='ltr'><strong>mutel</strong></span> <span class='ocrx_word' id='word_1_400' title='bbox 784 4259 831 4324; x_wconf 87' lang='lat' dir='ltr'><strong>rel</strong></span> <span class='ocrx_word' id='word_1_401' title='bbox 853 4260 948 4323; x_wconf 85' lang='lat' dir='ltr'><strong>variet</strong></span> <span class='ocrx_word' id='word_1_402' title='bbox 969 4257 1169 4335; x_wconf 88' lang='lat' dir='ltr'><strong>intellectum,</strong></span> <span class='ocrx_word' id='word_1_403' title='bbox 1199 4256 1268 4321; x_wconf 85' lang='lat' dir='ltr'><strong>ideo</strong></span> <span class='ocrx_word' id='word_1_404' title='bbox 1290 4256 1349 4320; x_wconf 88' lang='lat' dir='ltr'><strong>boc</strong></span> <span class='ocrx_word' id='word_1_405' title='bbox 1369 4272 1496 4338; x_wconf 87' lang='lat' dir='ltr'><strong>presens</strong></span> <span class='ocrx_word' id='word_1_406' title='bbox 1518 4256 1673 4336; x_wconf 89' lang='lat' dir='ltr'><strong>publicum</strong></span> <span class='ocrx_word' id='word_1_407' title='bbox 1695 4257 1928 4320; x_wconf 89' lang='lat' dir='ltr'><strong>instrumentum</strong></span> 
     </span>
     <span class='ocr_line' id='line_1_31' title="bbox 97 4372 1926 4462; baseline -0.003 -20"><span class='ocrx_word' id='word_1_408' title='bbox 97 4381 130 4444; x_wconf 81' lang='lat' dir='ltr'><strong>de</strong></span> <span class='ocrx_word' id='word_1_409' title='bbox 146 4381 290 4446; x_wconf 68' lang='lat' dir='ltr'><strong>mimate</strong></span> <span class='ocrx_word' id='word_1_410' title='bbox 308 4379 450 4462; x_wconf 82' lang='lat' dir='ltr'><strong>prelibati</strong></span> <span class='ocrx_word' id='word_1_411' title='bbox 464 4377 579 4443; x_wconf 93' lang='lat' dir='ltr'><strong>domini</strong></span> <span class='ocrx_word' id='word_1_412' title='bbox 595 4377 703 4442; x_wconf 89' lang='lat' dir='ltr'><strong>decani</strong></span> <span class='ocrx_word' id='word_1_413' title='bbox 721 4386 751 4442; x_wconf 90' lang='lat' dir='ltr'><strong>et</strong></span> <span class='ocrx_word' id='word_1_414' title='bbox 766 4379 968 4444; x_wconf 89' lang='lat' dir='ltr'><strong>commissarii</strong></span> <span class='ocrx_word' id='word_1_415' title='bbox 989 4375 1097 4442; x_wconf 86' lang='lat' dir='ltr'><strong>exinde</strong></span> <span class='ocrx_word' id='word_1_416' title='bbox 1112 4374 1240 4454; x_wconf 84' lang='lat' dir='ltr'><strong>conieci,</strong></span> <span class='ocrx_word' id='word_1_417' title='bbox 1261 4374 1416 4455; x_wconf 89' lang='lat' dir='ltr'><strong>publicani</strong></span> <span class='ocrx_word' id='word_1_418' title='bbox 1432 4384 1463 4439; x_wconf 92' lang='lat' dir='ltr'><strong>et</strong></span> <span class='ocrx_word' id='word_1_419' title='bbox 1478 4377 1509 4438; x_wconf 95' lang='lat' dir='ltr'><strong>in</strong></span> <span class='ocrx_word' id='word_1_420' title='bbox 1524 4375 1604 4438; x_wconf 89' lang='lat' dir='ltr'><strong>banc</strong></span> <span class='ocrx_word' id='word_1_421' title='bbox 1621 4372 1775 4451; x_wconf 88' lang='lat' dir='ltr'><strong>publicam</strong></span> <span class='ocrx_word' id='word_1_422' title='bbox 1795 4372 1926 4437; x_wconf 86' lang='lat' dir='ltr'><strong>lnrmam</strong></span> 
     </span>
     <span class='ocr_line' id='line_1_32' title="bbox 98 4491 1925 4584; baseline -0.005 -20"><span class='ocrx_word' id='word_1_423' title='bbox 98 4501 207 4584; x_wconf 89' lang='lat' dir='ltr'><strong>redegi,</strong></span> <span class='ocrx_word' id='word_1_424' title='bbox 229 4498 354 4564; x_wconf 88' lang='lat' dir='ltr'><strong>aliunde</strong></span> <span class='ocrx_word' id='word_1_425' title='bbox 374 4506 540 4580; x_wconf 87' lang='lat' dir='ltr'><strong>occupatus</strong></span> <span class='ocrx_word' id='word_1_426' title='bbox 556 4515 611 4579; x_wconf 90' lang='lat' dir='ltr'><strong>per</strong></span> <span class='ocrx_word' id='word_1_427' title='bbox 628 4497 733 4574; x_wconf 78' lang='lat' dir='ltr'><strong>adnm,</strong></span> <span class='ocrx_word' id='word_1_428' title='bbox 756 4505 786 4560; x_wconf 86' lang='lat' dir='ltr'><strong>vr</strong></span> <span class='ocrx_word' id='word_1_429' title='bbox 807 4496 999 4576; x_wconf 69' lang='lat' dir='ltr'><strong>premittitur,</strong></span> <span class='ocrx_word' id='word_1_430' title='bbox 1022 4495 1114 4560; x_wconf 88' lang='lat' dir='ltr'><strong>scribi</strong></span> <span class='ocrx_word' id='word_1_431' title='bbox 1136 4493 1193 4558; x_wconf 85' lang='lat' dir='ltr'><strong>leci</strong></span> <span class='ocrx_word' id='word_1_432' title='bbox 1215 4493 1401 4575; x_wconf 83' lang='lat' dir='ltr'><strong>propriaque</strong></span> <span class='ocrx_word' id='word_1_433' title='bbox 1423 4507 1514 4556; x_wconf 91' lang='lat' dir='ltr'><strong>manu</strong></span> <span class='ocrx_word' id='word_1_434' title='bbox 1536 4491 1704 4572; x_wconf 86' lang='lat' dir='ltr'><strong>subscripsi</strong></span> <span class='ocrx_word' id='word_1_435' title='bbox 1725 4491 1874 4574; x_wconf 86' lang='lat' dir='ltr'><strong>signoque</strong></span> <span class='ocrx_word' id='word_1_436' title='bbox 1895 4499 1925 4555; x_wconf 89' lang='lat' dir='ltr'><strong>ct</strong></span> 
     </span>
     <span class='ocr_line' id='line_1_33' title="bbox 98 4609 1924 4698; baseline -0.003 -17"><span class='ocrx_word' id='word_1_437' title='bbox 98 4621 211 4684; x_wconf 90' lang='lat' dir='ltr'><strong>nomine</strong></span> <span class='ocrx_word' id='word_1_438' title='bbox 230 4619 305 4682; x_wconf 84' lang='lat' dir='ltr'><strong>meis</strong></span> <span class='ocrx_word' id='word_1_439' title='bbox 315 4617 415 4682; x_wconf 88' lang='lat' dir='ltr'><strong>solitis</strong></span> <span class='ocrx_word' id='word_1_440' title='bbox 429 4625 459 4682; x_wconf 90' lang='lat' dir='ltr'><strong>et</strong></span> <span class='ocrx_word' id='word_1_441' title='bbox 474 4617 624 4681; x_wconf 88' lang='lat' dir='ltr'><strong>consuetis</strong></span> <span class='ocrx_word' id='word_1_442' title='bbox 641 4616 773 4698; x_wconf 88' lang='lat' dir='ltr'><strong>signaui,</strong></span> <span class='ocrx_word' id='word_1_443' title='bbox 789 4623 914 4698; x_wconf 88' lang='lat' dir='ltr'><strong>rogatus</strong></span> <span class='ocrx_word' id='word_1_444' title='bbox 926 4621 956 4678; x_wconf 86' lang='lat' dir='ltr'><strong>et</strong></span> <span class='ocrx_word' id='word_1_445' title='bbox 966 4614 1138 4694; x_wconf 82' lang='lat' dir='ltr'><strong>requisitus,</strong></span> <span class='ocrx_word' id='word_1_446' title='bbox 1150 4612 1180 4675; x_wconf 92' lang='lat' dir='ltr'><strong>in</strong></span> <span class='ocrx_word' id='word_1_447' title='bbox 1191 4612 1280 4677; x_wconf 86' lang='lat' dir='ltr'><strong>iidem</strong></span> <span class='ocrx_word' id='word_1_448' title='bbox 1292 4620 1322 4674; x_wconf 90' lang='lat' dir='ltr'><strong>et</strong></span> <span class='ocrx_word' id='word_1_449' title='bbox 1333 4613 1535 4676; x_wconf 87' lang='lat' dir='ltr'><strong>testimonium</strong></span> <span class='ocrx_word' id='word_1_450' title='bbox 1547 4609 1682 4674; x_wconf 91' lang='lat' dir='ltr'><strong>omniurn</strong></span> <span class='ocrx_word' id='word_1_451' title='bbox 1693 4611 1924 4688; x_wconf 91' lang='lat' dir='ltr'><strong>premissorum.</strong></span> 
     </span>
    </p>
   </div>
   <div class='ocr_carea' id='block_1_3' title="bbox 96 4867 1925 5123">
    <p class='ocr_par' dir='ltr' id='par_1_4' title="bbox 96 4867 1925 5123">
     <span class='ocr_line' id='line_1_34' title="bbox 96 4867 1925 4981; baseline -0.004 -27"><span class='ocrx_word' id='word_1_452' title='bbox 96 4872 340 4960; x_wconf 82' lang='lat' dir='ltr'>LXXXIV.</span> <span class='ocrx_word' id='word_1_453' title='bbox 387 4876 750 4981; x_wconf 75' lang='lat' dir='ltr'><strong>Zeuprtr&#39;erenrrseape</strong></span> <span class='ocrx_word' id='word_1_454' title='bbox 778 4900 846 4956; x_wconf 84' lang='lat' dir='ltr'><strong>cor</strong></span> <span class='ocrx_word' id='word_1_455' title='bbox 876 4875 963 4956; x_wconf 85' lang='lat' dir='ltr'><strong>dcm</strong></span> <span class='ocrx_word' id='word_1_456' title='bbox 984 4873 1115 4956; x_wconf 80' lang='lat' dir='ltr'><strong>Rotbe</strong></span> <span class='ocrx_word' id='word_1_457' title='bbox 1143 4897 1192 4953; x_wconf 84' lang='lat' dir='ltr'><strong>sn</strong></span> <span class='ocrx_word' id='word_1_458' title='bbox 1210 4871 1372 4953; x_wconf 75' lang='lat' dir='ltr'><strong>heroden</strong></span> <span class='ocrx_word' id='word_1_459' title='bbox 1398 4869 1495 4952; x_wconf 80' lang='lat' dir='ltr'><strong>tiber</strong></span> <span class='ocrx_word' id='word_1_460' title='bbox 1525 4869 1589 4950; x_wconf 80' lang='lat' dir='ltr'><strong>dte</strong></span> <span class='ocrx_word' id='word_1_461' title='bbox 1622 4867 1925 4971; x_wconf 78' lang='lat' dir='ltr'><strong>Verbeirotbrmp</strong></span> 
     </span>
     <span class='ocr_line' id='line_1_35' title="bbox 210 5019 1803 5123; baseline -0.006 -13"><span class='ocrx_word' id='word_1_462' title='bbox 210 5031 281 5112; x_wconf 84' lang='lat' dir='ltr'><strong>der</strong></span> <span class='ocrx_word' id='word_1_463' title='bbox 310 5027 506 5110; x_wconf 80' lang='lat' dir='ltr'><strong>Aldunciu</strong></span> <span class='ocrx_word' id='word_1_464' title='bbox 535 5029 700 5110; x_wconf 78' lang='lat' dir='ltr'><strong>Pentele</strong></span> <span class='ocrx_word' id='word_1_465' title='bbox 728 5027 811 5108; x_wconf 83' lang='lat' dir='ltr'><strong>uod</strong></span> <span class='ocrx_word' id='word_1_466' title='bbox 842 5025 987 5107; x_wconf 72' lang='lat' dir='ltr'><strong>(lebat</strong></span> <span class='ocrx_word' id='word_1_467' title='bbox 1017 5032 1123 5106; x_wconf 69' lang='lat' dir='ltr'><strong>mnes</strong></span> <span class='ocrx_word' id='word_1_468' title='bbox 1157 5023 1331 5106; x_wconf 79' lang='lat' dir='ltr'><strong>Tocbter.</strong></span> <span class='ocrx_word' id='word_1_469' title='bbox 1392 5019 1504 5123; x_wconf 79' lang='lat' dir='ltr'><strong>ltltll,</strong></span> <span class='ocrx_word' id='word_1_470' title='bbox 1535 5019 1711 5104; x_wconf 73' lang='lat' dir='ltr'><strong>senaar</strong></span> <span class='ocrx_word' id='word_1_471' title='bbox 1734 5020 1803 5104; x_wconf 87' lang='lat'><strong>28.</strong></span> 
     </span>
    </p>
   </div>
   <div class='ocr_carea' id='block_1_4' title="bbox 101 5201 1924 5408">
    <p class='ocr_par' dir='ltr' id='par_1_5' title="bbox 101 5201 1924 5408">
     <span class='ocr_line' id='line_1_36' title="bbox 245 5201 1923 5302; baseline -0.005 -28"><span class='ocrx_word' id='word_1_472' title='bbox 245 5209 400 5279; x_wconf 88' lang='lat' dir='ltr'><strong>Vniuersis</strong></span> <span class='ocrx_word' id='word_1_473' title='bbox 422 5220 451 5275; x_wconf 89' lang='lat' dir='ltr'><strong>et</strong></span> <span class='ocrx_word' id='word_1_474' title='bbox 473 5212 601 5294; x_wconf 87' lang='lat' dir='ltr'><strong>singolis</strong></span> <span class='ocrx_word' id='word_1_475' title='bbox 623 5207 736 5274; x_wconf 87' lang='lat' dir='ltr'><strong>Christi</strong></span> <span class='ocrx_word' id='word_1_476' title='bbox 758 5208 896 5302; x_wconf 83' lang='lat' dir='ltr'><strong>ddelibus</strong></span> <span class='ocrx_word' id='word_1_477' title='bbox 923 5206 1114 5287; x_wconf 89' lang='lat' dir='ltr'><strong>presencium</strong></span> <span class='ocrx_word' id='word_1_478' title='bbox 1144 5207 1355 5270; x_wconf 72' lang='lat' dir='ltr'><strong>confluentiam</strong></span> <span class='ocrx_word' id='word_1_479' title='bbox 1384 5203 1494 5269; x_wconf 82' lang='lat' dir='ltr'><strong>visuris</strong></span> <span class='ocrx_word' id='word_1_480' title='bbox 1521 5203 1568 5268; x_wconf 90' lang='lat' dir='ltr'><strong>vel</strong></span> <span class='ocrx_word' id='word_1_481' title='bbox 1595 5203 1745 5268; x_wconf 88' lang='lat' dir='ltr'><strong>audituris</strong></span> <span class='ocrx_word' id='word_1_482' title='bbox 1770 5201 1923 5268; x_wconf 86' lang='lat' dir='ltr'><strong>lohannes</strong></span> 
     </span>
     <span class='ocr_line' id='line_1_37' title="bbox 101 5319 1924 5408; baseline -0.001 -21"><span class='ocrx_word' id='word_1_483' title='bbox 101 5326 231 5404; x_wconf 85' lang='lat' dir='ltr'><strong>Pattesle,</strong></span> <span class='ocrx_word' id='word_1_484' title='bbox 254 5331 351 5394; x_wconf 89' lang='lat' dir='ltr'><strong>maior</strong></span> <span class='ocrx_word' id='word_1_485' title='bbox 373 5331 503 5394; x_wconf 85' lang='lat' dir='ltr'><strong>ciuitatis</strong></span> <span class='ocrx_word' id='word_1_486' title='bbox 524 5329 671 5408; x_wconf 80' lang='lat' dir='ltr'><strong>London,</strong></span> <span class='ocrx_word' id='word_1_487' title='bbox 694 5327 822 5393; x_wconf 89' lang='lat' dir='ltr'><strong>salutern</strong></span> <span class='ocrx_word' id='word_1_488' title='bbox 844 5329 874 5390; x_wconf 91' lang='lat' dir='ltr'><strong>in</strong></span> <span class='ocrx_word' id='word_1_489' title='bbox 896 5325 1026 5389; x_wconf 87' lang='lat' dir='ltr'><strong>Domino</strong></span> <span class='ocrx_word' id='word_1_490' title='bbox 1044 5340 1113 5389; x_wconf 93' lang='lat' dir='ltr'><strong>cum</strong></span> <span class='ocrx_word' id='word_1_491' title='bbox 1131 5324 1289 5408; x_wconf 87' lang='lat' dir='ltr'><strong>agnicinne</strong></span> <span class='ocrx_word' id='word_1_492' title='bbox 1311 5324 1456 5388; x_wconf 70' lang='lat' dir='ltr'><strong>scutatis.</strong></span> <span class='ocrx_word' id='word_1_493' title='bbox 1494 5319 1506 5407; x_wconf 74' lang='lat' dir='ltr'>ss</span> <span class='ocrx_word' id='word_1_494' title='bbox 1542 5322 1649 5388; x_wconf 79' lang='lat' dir='ltr'><strong>Actum</strong></span> <span class='ocrx_word' id='word_1_495' title='bbox 1672 5321 1830 5387; x_wconf 87' lang='lat' dir='ltr'><strong>cuiusdam</strong></span> <span class='ocrx_word' id='word_1_496' title='bbox 1852 5339 1924 5386; x_wconf 86' lang='lat' dir='ltr'><strong>exa·</strong></span> 
     </span>
    </p>
   </div>
   <div class='ocr_carea' id='block_1_5' title="bbox 160 5471 1721 5570">
    <p class='ocr_par' dir='ltr' id='par_1_6' title="bbox 160 5471 1721 5570">
     <span class='ocr_line' id='line_1_38' title="bbox 160 5471 1721 5570; baseline -0.003 -39"><span class='ocrx_word' id='word_1_497' title='bbox 160 5480 322 5547; x_wconf 79' lang='lat' dir='ltr'><strong>nornulnng</strong></span> <span class='ocrx_word' id='word_1_498' title='bbox 336 5483 370 5534; x_wconf 90' lang='lat' dir='ltr'><strong>1l.</strong></span> <span class='ocrx_word' id='word_1_499' title='bbox 945 5559 952 5570; x_wconf 36' lang='lat'><strong>.</strong></span> <span class='ocrx_word' id='word_1_500' title='bbox 1703 5471 1721 5526; x_wconf 80' lang='grc'><strong>9</strong></span> 
     </span>
    </p>
   </div>
   <div class='ocr_carea' id='block_1_6' title="bbox 0 0 2362 6329">
    <p class='ocr_par' dir='ltr' id='par_1_7' title="bbox 0 0 2362 6329">
     <span class='ocr_line' id='line_1_39' title="bbox 0 0 2362 6329; baseline 0 0"><span class='ocrx_word' id='word_1_501' title='bbox 0 0 2362 6329; x_wconf 95' lang='lat' dir='ltr'><strong> </strong></span> 
     </span>
    </p>
   </div>
  </div>
 </body>
</html>
