4716 6330
422 633 478 716 dt
1168 629 1278 726 1423,
1304 635 1426 726 August
1452 631 1512 704 ta

421 925 624 982 tenementum
645 933 715 980 cum
737 917 817 999 haye
837 917 976 1000 prediolo
997 914 1088 982 simol
1106 931 1176 982 eum
1191 918 1333 984 omnihus
1349 917 1624 996 (summitatibus,
1647 916 1835 986 aisiamentis
1850 927 1880 984 et
1896 919 2086 1000 pertiuentiis
2099 918 2236 998 predictis,
2337 951 2338 994 c

419 1033 546 1115 prelatis
567 1034 724 1099 willelmo
745 1033 865 1116 llayton
887 1043 917 1099 et
937 1035 1076 1132 liugero,
1104 1036 1266 1102 heredibus
1287 1045 1317 1101 et
1337 1039 1501 1121 assignatis
1523 1053 1628 1102 eorum
1650 1039 1874 1120 imperpetuum
1901 1037 2062 1103 tenendum
2083 1036 2121 1101 de
2141 1038 2239 1118 rapita-
2337 1027 2338 1072 f

423 1153 504 1218 libus
525 1153 655 1216 dominis
670 1152 753 1218 leodi
770 1155 852 1218 illius
869 1171 926 1234 per
941 1155 1070 1219 seruicia
1092 1155 1163 1220 iude
1183 1154 1284 1219 dehita
1302 1165 1331 1220 et
1352 1155 1390 1220 de
1411 1157 1477 1220 iure
1498 1163 1653 1220 consueta.
1685 1155 1724 1221 lit
1743 1173 1802 1239 ego
1823 1139 1905 1234 uero,
1929 1155 2083 1235 predictus
2098 1153 2239 1232 hirardus,

420 1279 449 1336 et
469 1271 596 1337 heredes
618 1273 678 1336 mei
699 1273 871 1351 predictum
893 1281 1094 1339 tenementum
1116 1289 1185 1338 cum
1208 1275 1289 1356 hapo
1318 1274 1455 1355 predicto
1483 1273 1574 1339 simul
1602 1291 1671 1338 eum
1692 1273 1832 1358 omnibus
1853 1273 2132 1357 commoditatibus,
2164 1273 2239 1337 aisia-
2331 1262 2336 1281 '

421 1392 527 1457 mentis
546 1399 575 1456 et
592 1393 781 1471 pertiuentiis
798 1390 951 1472 predictis,
967 1390 1094 1480 prelatis
1113 1392 1270 1458 willelmo
1280 1392 1401 1473 lluytou
1417 1392 1590 1476 allegere,
1608 1391 1770 1461 heredibus
1788 1399 1818 1456 et
1834 1392 1998 1474 auiguatis
2013 1406 2131 1468 eorum,
2151 1399 2240 1454 eoum

418 1524 524 1572 omues
546 1518 650 1592 gentes
673 1517 810 1578 tenemur
832 1512 1049 1590 warantiaare,
1082 1513 1255 1590 acquietum
1282 1517 1312 1574 et
1334 1509 1495 1576 defendere
1523 1513 1554 1574 iu
1576 1519 1769 1590 perpetuum.
1814 1509 1845 1574 lu
1868 1511 1955 1574 cuius
1985 1511 2030 1574 rei
2052 1510 2239 1573 testimouium
2337 1541 2338 1552 κ

419 1629 611 1708 presentibus
633 1629 767 1712 sigilium
789 1647 890 1694 meum
912 1631 1054 1711 apposui.
1098 1627 1161 1694 iliis
1181 1631 1323 1694 testibus:
1346 1627 1501 1694 Willelmo
1519 1625 1714 1712 Cambrigge,
1737 1637 1809 1692 tune
1830 1629 1946 1692 maiore
1961 1629 2094 1692 ciuitatis
2108 1626 2240 1705 houden,
2337 1617 2338 1688 ζ

384 1773 387 1780 ⁴
418 1745 556 1812 iohanne
577 1745 698 1812 boteler
719 1756 748 1811 et
768 1747 905 1812 lohauue
924 1748 1054 1826 Welles,
1083 1759 1154 1813 tune
1176 1747 1400 1812 vicecomitibus
1423 1747 1558 1814 eiusdem
1579 1747 1725 1826 ciuitatis,
1748 1747 1895 1812 Nieholao
1919 1745 2059 1823 Wotton,
2083 1754 2152 1810 tuue
2171 1746 2240 1810 illius

418 1865 525 1930 warde
546 1865 759 1944 aldrenauoo,
792 1866 923 1931 ilenrico
943 1867 1055 1955 hartou
1081 1876 1113 1931 et
1133 1866 1265 1932 Roberto
1287 1863 1522 1950 Whltyupham,
1554 1864 1761 1932 aldremannis
1783 1865 1917 1930 eiusdem
1939 1865 2089 1943 auitam,
2121 1864 2241 1928 iohanne

418 1981 561 2064 Bryhlis,
587 1984 725 2047 iohanne
750 1982 948 2065 Bytterdeue,
981 1987 1154 2065 pannoniis,
1181 1985 1318 2050 iohanne
1344 1984 1531 2067 Tyokilden,
1566 1985 1706 2050 loharm
1734 1981 1900 2066 Gydeuey,
1932 1986 2087 2067 gmceris,
2120 1993 2150 2048 et
2173 1983 2240 2048 aliis.

418 2101 528 2166 Datum
549 2102 687 2184 houden,
709 2105 815 2182 quinto
837 2103 887 2168 die
907 2103 1047 2188 Augusti,
1069 2121 1151 2169 anuo
1172 2105 1257 2189 regni
1279 2104 1371 2187 lieqis
1392 2103 1513 2168 henrici
1535 2103 1632 2183 quinti
1653 2111 1725 2183 post
1744 2111 1943 2182 conquestum
1965 2119 2058 2168 nouo.

572 2218 616 2286 In
638 2219 759 2289 dorso:
798 2222 860 2288 lsta
880 2231 965 2288 carta
987 2223 1066 2288 lecta
1088 2222 1144 2294 init
1165 2230 1195 2286 et
1216 2219 1375 2287 irrotulata
1398 2226 1429 2286 iu
1452 2222 1601 2305 hastengo
1622 2220 1778 2286 londonie
1798 2221 1837 2286 de
1858 2222 1979 2302 placitis
2000 2229 2082 2286 terre
2103 2229 2181 2285 teuto
2200 2223 2240 2284 die

418 2339 502 2404 hune
521 2341 661 2422 proxima
683 2349 755 2420 post
769 2340 879 2407 iustum
896 2340 1041 2406 Omnium
1061 2341 1253 2418 Sanctorum,
1276 2357 1356 2406 auno
1378 2341 1464 2423 regui
1482 2337 1573 2424 Regis
1592 2337 1713 2405 henrici
1734 2339 1832 2421 quiutl
1852 2349 1924 2421 post
1943 2348 2142 2420 conquestum
2162 2355 2241 2404 nono.

1873 2457 2050 2538 Carpenter.

415 2682 578 2767 LXXI.
632 2687 679 2766 tt.
718 2687 895 2792 lbopsord
923 2688 1086 2804 belieiet
1115 2690 1192 2796 den
1223 2688 1462 2769 Gciatlicben
1499 2686 1555 2766 W.
1578 2685 1733 2789 Hcpton
1761 2709 1835 2767 oon
1865 2685 1972 2764 uiden
2001 2684 2243 2790 Ammodes

289 2917 292 2924 .
417 2863 469 2921 one
500 2841 576 2919 dus
604 2867 677 2922 oon
701 2839 746 2919 li·
772 2839 978 2921 Bolsclund
1006 2839 1084 2922 ihm
1113 2839 1306 2946 pepebenc
1330 2839 1579 2921 Groodatttclt
1608 2840 1690 2920 aad
1709 2837 1793 2942 Καρ
1821 2845 1863 2917 in
1891 2837 2112 2943 Wpadeqoa
2135 2837 2240 2917 hooc.

1138 2993 1258 3098 1423,
1288 2994 1441 3100 nopes
1470 2993 1532 3074 12.

567 3177 717 3242 Omuihus
739 3175 853 3240 Christi
881 3175 1036 3252 ildelibus,
1070 3175 1108 3238 ad
1136 3191 1213 3256 quos
1240 3191 1366 3256 presens
1395 3177 1542 3256 scriptum
1564 3175 1750 3254 peruenerit,
1785 3173 1922 3256 hogerus
1948 3171 2101 3254 Twyiord
2126 3172 2241 3236 salutem

413 3299 444 3360 in
462 3296 592 3359 homino
615 3297 842 3376 sempiternam.
886 3293 1038 3358 Noueritis
1060 3309 1118 3371 me,
1140 3291 1290 3388 prelatum
1309 3293 1473 3376 hogerum,
1498 3293 1660 3371 remisisse,
1684 3291 1839 3358 relaxasse
1861 3299 1890 3355 et
1907 3295 2032 3356 omniuo
2050 3291 2089 3356 de
2107 3307 2154 3356 me
2177 3288 2187 3372 ΙΙ
2217 3297 2242 3352 ct

414 3413 575 3478 heredibus
598 3415 672 3478 meis
694 3417 916 3494 imperpetuum
938 3413 1072 3491 quietum
1095 3413 1245 3476 clamasse
1265 3411 1422 3476 Willelmo
1443 3411 1577 3493 bayton,
1600 3411 1726 3488 elerico,
1755 3409 1918 3474 heredibus
1940 3417 1970 3474 et
1991 3412 2155 3493 assignatis
2176 3411 2240 3484 suis,

413 3535 635 3614 imperpetuum
664 3542 759 3597 totum
786 3533 833 3595 ius
863 3547 964 3595 meum
990 3537 1021 3593 et
1047 3531 1213 3608 cicurum,
1248 3547 1307 3610 qoe
1334 3545 1465 3610 uuquam
1495 3529 1603 3607 hahul,
1636 3528 1735 3593 habeo
1763 3545 1815 3594 seu
1837 3528 2039 3610 quouisurodo
2061 3531 2096 3592 in
2117 3528 2240 3593 loturum

414 3651 526 3716 hahere
547 3659 654 3730 potero
677 3655 707 3712 iu
730 3658 794 3714 toto
827 3647 838 3732 ll
872 3648 926 3714 illo
947 3658 1117 3714 tenemento
1140 3665 1207 3712 eum
1230 3650 1311 3729 hoyo
1333 3647 1507 3727 adiacente,
1542 3648 1633 3712 simul
1659 3665 1728 3712 cum
1751 3649 2032 3728 commoditatibus,
2066 3649 2242 3714 aisiamentis

413 3779 442 3834 et
470 3772 673 3852 pertinentiis,
708 3768 849 3850 predictis
873 3777 1041 3833 tenemento
1063 3775 1094 3831 et
1114 3767 1195 3850 tayo
1218 3765 1477 3847 qualitercumque
1505 3767 1742 3845 pertinentibus,
1777 3769 1889 3831 situato
1919 3771 1948 3831 iu
1978 3768 2116 3845 venelia,
2145 3773 2241 3830 roceto

411 3889 677 3970 Wyudegoslaue,
716 3889 747 3950 iu
780 3886 925 3967 parochia
965 3883 975 3968 ΙΙ
1013 3885 1158 3950 Omnium
1191 3883 1373 3950 Sanctorum
1410 3885 1449 3949 ad
1482 3885 1585 3951 lenum
1618 3881 1771 3964 houden,
1812 3891 1888 3951 iuter
1919 3895 2123 3951 tenementum
2154 3901 2242 3964 nuper

412 4005 618 4086 bartholomei
640 4004 813 4088 Firestlyug
832 4024 871 4070 ex
892 4012 980 4086 parte
1000 4003 1149 4083 orientali,
1171 4013 1202 4070 el
1223 4005 1336 4084 huyum
1358 4014 1496 4070 vocatum
1519 4001 1822 4092 Estcrlpupesltoide
1842 4021 1880 4070 ex
1901 4013 1988 4086 parte
2009 4005 2187 4070 occidentali
2212 4017 2242 4064 at

412 4141 523 4205 aquam
551 4124 707 4190 Thamisie
740 4140 776 4188 ex
809 4132 895 4206 parte
928 4123 1071 4200 australi,
1104 4131 1134 4186 et
1165 4129 1365 4186 tenementum
1397 4139 1493 4203 nuper
1518 4099 1673 4205 liudulphi
1698 4123 1852 4208 Blaheuey
1884 4142 1922 4188 ex
1950 4133 2037 4203 parte
2067 4122 2241 4202 aquilonari,

412 4243 493 4324 quod
526 4243 646 4322 quidem
680 4251 880 4307 tenementum
920 4258 989 4305 cum
1022 4240 1103 4322 hayo
1137 4257 1194 4323 ego
1226 4239 1364 4321 prelatus
1397 4241 1534 4325 hogerus
1567 4244 1658 4306 simul
1691 4259 1758 4306 cum
1793 4243 1929 4324 predicto
1948 4241 2123 4306 ,Willelmo
2156 4255 2242 4318 nuper

412 4362 573 4427 habuimus
602 4377 640 4426 ex
669 4361 750 4425 douo
772 4369 801 4425 et
822 4359 1015 4424 leodameutc
1037 4358 1157 4423 Ricardi
1178 4358 1350 4437 boleium,
1384 4362 1459 4424 ciuis
1482 4368 1511 4426 et
1531 4361 1694 4439 pisceuarii
1716 4359 1935 4428 Loudoueusis.
1979 4361 2022 4425 lta
2046 4377 2136 4440 tero,
2169 4358 2241 4439 quod

296 4457 300 4464 ’
410 4497 466 4544 uec
488 4497 562 4563 ego,
593 4480 748 4559 predictus
770 4481 923 4562 hogerus,
951 4495 1007 4542 uec
1028 4477 1155 4542 heredes
1176 4479 1235 4542 mei
1262 4495 1318 4542 nec
1339 4479 1451 4558 aliquis
1477 4479 1555 4543 alius
1582 4497 1640 4560 pro
1667 4481 1755 4544 uobis
1784 4497 1838 4546 seo
1859 4481 1981 4545 nominc
2003 4487 2109 4545 nostru
2136 4476 2242 4559 aliquid

411 4600 502 4675 iuris,
537 4599 616 4662 tituli
643 4615 696 4663 seu
725 4598 832 4663 clamet
862 4602 892 4661 iu
920 4603 984 4660 toto
1011 4595 1149 4676 predicto
1178 4606 1348 4662 tenemento
1378 4615 1447 4662 eom
1474 4599 1554 4680 layo
1581 4597 1737 4664 adiacente
1766 4601 1856 4664 simul
1879 4615 1949 4664 cum
1970 4599 2240 4672 commoditatibus,

410 4719 596 4781 aisiamentis
623 4725 653 4781 et
679 4717 867 4797 pertiuentiis
894 4714 1094 4796 supradictis,
1128 4732 1183 4780 uec
1211 4719 1243 4781 in
1273 4717 1375 4796 aliqua
1402 4717 1471 4780 iude
1499 4716 1635 4797 parcella
1663 4717 1702 4781 de
1731 4725 1833 4782 cetero
1849 4719 1998 4801 ›exigere,
2032 4719 2167 4782 clamare
2193 4731 2240 4779 seu

409 4833 568 4899 vendicare
590 4836 757 4914 poterimus
786 4851 842 4899 nee
868 4833 1014 4898 dehemus
1036 4834 1237 4914 quouismodo
1258 4835 1289 4899 in
1311 4833 1462 4912 futorum,
1485 4843 1531 4899 set
1554 4837 1592 4900 ah
1614 4839 1698 4900 omui
1720 4839 1844 4900 accione
1866 4837 1957 4914 iuris,
1986 4836 2065 4900 tituli
2088 4847 2118 4900 et
2140 4835 2242 4899 elamet

409 4951 480 5018 iude
507 4954 602 5017 amus
615 4954 744 5018 'exclusi
772 4955 994 5036 imperpetuum
1023 4969 1080 5034 per
1106 4962 1271 5034 presentes.
1314 4953 1348 5017 lu
1377 4954 1463 5018 cuius
1490 4955 1534 5017 rei
1562 4953 1767 5019 testimouium
1793 4954 1865 5019 huic
1885 4956 2015 5034 presenti
2037 4955 2155 5036 scripto
2179 4965 2242 5014 meo

408 5071 544 5155 sigillum
560 5067 666 5135 'meum
689 5073 828 5153 apposui.
873 5071 983 5137 Datum
1004 5070 1145 5152 hondou,
1176 5071 1356 5138 duodecimo
1378 5072 1427 5138 die
1447 5072 1592 5156 Augusti,
1625 5087 1707 5138 anuo
1728 5074 1814 5156 regni
1836 5073 1917 5155 regis
1938 5071 2057 5136 henrici
2080 5073 2157 5138 sexti
2178 5075 2241 5150 post

410 5199 606 5270 conquestum
628 5191 739 5270 primo.

1914 5308 2040 5374 hostire.
