4716 6330
416 635 475 718 m
752 587 755 594 ’
987 627 1686 726 ιωωηηωωω

416 921 556 1006 xbtn.
601 924 725 1030 Korciy
744 922 921 1003 Richord
934 923 984 1004 ΙΙ.
1007 923 1195 1028 bertddpi
1215 923 1291 1004 dcc
1313 923 1488 1027 Verbous
1502 923 1576 1005 der
1596 929 1698 1004 desei
1719 924 1806 1004 doru
1818 923 1866 1003 tt.
1882 922 2011 1026 byeus
2031 924 2247 1030 psinaces,

420 1078 496 1158 deu
525 1077 656 1158 Reiier
685 1078 722 1156 J.
747 1075 922 1158 Oluuoou
949 1077 1032 1158 ccc
1063 1075 1264 1157 Geuosseu
1291 1101 1366 1157 ooo
1393 1075 1482 1177 ihm,
1516 1077 1602 1156 dem
1631 1075 1791 1181 Kbuipc,
1822 1075 2067 1158 oerliebeueu
2095 1075 2249 1158 nnec

444 1231 525 1310 uod
549 1231 633 1334 Καρ
659 1237 869 1317 orcscmou
895 1227 1139 1336 Serqeouieu
1161 1231 1200 1309 J.
1228 1227 1361 1333 Sliepb
1389 1229 1471 1309 oud
1496 1229 1640 1309 deseca
1664 1227 1804 1308 hoec.
1864 1226 1990 1332 1383,
2023 1229 2136 1310 Miirs
2160 1227 2221 1310 16.

566 1387 725 1472 Ricardus,
749 1394 803 1458 Dei
824 1398 929 1478 gracia
951 1411 1005 1458 rex
1027 1391 1136 1475 hughe
1157 1402 1187 1460 et
1209 1393 1334 1460 Francis
1355 1402 1386 1458 et
1413 1393 1554 1458 dominus
1574 1392 1733 1472 Hibernia,
1764 1393 1906 1458 omnibus
1932 1394 1972 1458 ad
1998 1410 2076 1474 quos
2097 1402 2248 1474 presentes

415 1513 512 1578 littere
534 1517 740 1592 peremerint,
762 1512 902 1578 salutem.
947 1509 1067 1590 Sciatis,
1091 1513 1174 1591 cuod
1195 1528 1263 1576 cunr
1286 1515 1428 1576 vicesimo
1450 1517 1538 1576 tertio
1560 1510 1609 1575 dic
1631 1511 1760 1597 Augusti
1782 1512 1886 1576 ultimo
1907 1517 2053 1591 preterito
2066 1529 2124 1592 per
2138 1513 2247 1576 litteras
2351 1499 2352 1504 ’

415 1639 537 1696 nostras
558 1639 695 1713 potentes
717 1632 890 1696 dederimus
912 1641 943 1694 et
963 1634 1202 1696 concesserimus
1223 1647 1281 1709 pro
1304 1631 1391 1694 nobis
1418 1639 1448 1694 et
1474 1630 1639 1696 heredibus
1665 1633 1777 1696 nostris
1802 1629 1934 1696 iohanni
1962 1628 2124 1708 Clanrou,
2153 1631 2247 1709 militi,

414 1749 543 1814 Nieoiao
564 1748 766 1829 Sbarneiield,
789 1749 888 1828 militi,
910 1748 1066 1814 Wiiieimo
1089 1748 1183 1826 More,
1207 1752 1267 1812 cini
1288 1758 1318 1812 et
1340 1753 1486 1814 vinetsrio
1507 1748 1715 1828 bondonensi,
1739 1749 1834 1814 Panlo
1856 1747 1984 1830 Gysors,
2005 1748 2168 1816 wilielmo
2188 1749 2247 1814 Feb

417 1868 564 1952 tyngdon,
588 1868 757 1949 capellano,
780 1876 810 1932 et
829 1868 959 1932 iohanni
981 1867 1150 1945 Boudiche,
1182 1867 1358 1946 capellano,
1387 1884 1477 1932 vnum
1506 1872 1695 1950 mesnagium
1717 1882 1786 1932 cum
1807 1867 1935 1932 wharro
1958 1875 1988 1932 et
2008 1868 2078 1932 atiis
2100 1873 2248 1947 pertinen-

415 1991 472 2050 ciis
494 1991 525 2050 in
539 1985 789 2069 Wyndegosiane
804 1991 834 2048 in
847 1986 955 2050 warda
974 1985 1012 2050 de
1026 1985 1178 2068 Dovegate
1196 1984 1332 2049 London.
1355 1985 1437 2066 quod
1453 2002 1550 2068 nuper
1567 1985 1624 2050 ioit
1648 1985 1769 2050 Ricardi
1784 1986 1900 2068 hyons,
1924 1990 1976 2067 qui
2003 1985 2081 2050 iilnd
2104 1985 2145 2050 de
2165 1987 2246 2050 nobis

413 2109 519 2184 tenuit,
542 2114 571 2168 et
593 2104 675 2184 qnod
700 2105 823 2185 quidem
845 2109 1035 2190 mesuagium
1057 2121 1126 2169 cum
1147 2102 1278 2170 wharno
1299 2104 1379 2167 valet
1400 2121 1456 2185 per
1477 2121 1590 2170 annum
1612 2113 1681 2169 octo
1704 2121 1823 2170 marcas
1845 2115 1875 2169 et
1896 2103 1936 2169 ad
1957 2121 2013 2170 nos
2034 2109 2168 2186 pertinet
2189 2113 2247 2170 tan·

414 2239 505 2303 quem
528 2231 646 2288 escaeta
670 2232 789 2301 nostra,
819 2239 855 2287 eo
877 2223 958 2303 qnod
981 2223 1135 2304 predictus
1157 2221 1306 2287 hirardus
1327 2224 1489 2288 bastardus
1511 2221 1568 2288 init
1589 2232 1619 2287 et
1640 2224 1714 2288 obiit
1735 2228 1801 2288 sine
1822 2222 1933 2288 herede
1954 2223 1992 2287 de
2013 2240 2062 2301 se,
2095 2227 2179 2288 sient
2198 2240 2247 2302 per

413 2345 639 2422 inquisitionem
661 2341 730 2406 inde
757 2357 861 2407 eoram
884 2341 1040 2406 willelmo
1074 2341 1296 2420 Welleworth,
1333 2359 1431 2422 nuper
1457 2345 1573 2406 maiore
1601 2345 1733 2406 ciuitatis
1758 2349 1860 2406 nostre
1887 2339 2013 2407 London
2040 2350 2069 2406 et
2096 2351 2246 2406 esoaetore

412 2469 518 2525 nostro
540 2463 571 2524 in
593 2459 700 2525 eedem
721 2464 861 2538 ciuitate,
891 2459 929 2524 de
950 2461 1093 2525 mandato
1116 2467 1219 2524 nostro
1242 2470 1378 2540 captam,
1407 2466 1494 2526 euius
1516 2471 1604 2526 tenor
1625 2465 1655 2524 in
1677 2461 1859 2526 cancellaria
1881 2469 1987 2526 nostra
2009 2466 2124 2526 virtute
2153 2462 2245 2527 breuis

413 2582 511 2642 nostri
533 2583 679 2642 retornati
700 2585 747 2642 est
768 2587 967 2658 conpertum,
989 2579 1160 2644 habendum
1183 2589 1213 2643 et
1239 2580 1401 2645 tenendum
1429 2581 1543 2644 eisdem
1564 2581 1711 2658 iohanni,
1741 2579 1904 2657 Niohoiao,
1937 2578 2111 2657 Willeimo,
2145 2580 2244 2656 Paulo,

413 2695 570 2762 Wiiletmo
590 2686 622 2760 'et
643 2695 774 2762 iohanni
796 2705 825 2761 et
847 2713 952 2762 eorum
975 2697 1137 2762 heredibus
1159 2697 1198 2762 de
1220 2697 1309 2762 nohis
1330 2707 1359 2762 et
1386 2699 1549 2765 heredibus
1578 2702 1691 2763 nostris
1718 2715 1774 2780 per
1802 2699 1909 2766 eadem
1935 2702 2081 2778 seunicia,
2116 2716 2174 2780 per
2193 2715 2245 2778 que
2351 2763 2352 2800 ζ

413 2816 512 2880 dictus
533 2814 682 2880 hirardus
710 2815 822 2881 dictum
854 2819 1042 2900 mesnagium
1069 2831 1139 2880 enm
1160 2816 1287 2882 winerio
1309 2817 1446 2896 predicto
1469 2821 1563 2882 tenuit
1590 2821 1830 2897 imperpetuum,
1863 2818 1925 2884 Nos
1954 2818 2120 2902 depretia
2149 2827 2245 2883 nostra
2351 2819 2352 2826 ’

413 2933 542 3015 speciali
563 2933 652 2998 etde
673 2951 798 3000 assensu
820 2934 930 3016 pretati
951 2935 1099 3000 Willeimi
1120 2935 1215 3013 More,
1238 2939 1290 3016 qui
1313 2953 1409 3016 nuper
1429 2951 1488 3016 pro
1510 2934 1655 3018 predictis
1678 2941 1831 3020 mesnagis
1852 2946 1881 3002 et
1903 2936 2032 3002 wharoo
2053 2936 2201 3004 ducentas
2220 2945 2245 3000 et

413 3061 474 3116 tres
496 3069 615 3118 marcas
636 3053 725 3120 nobis
746 3054 848 3133 soluit,
871 3071 926 3118 neo
948 3070 1009 3118 non
1031 3052 1181 3120 dictorum
1201 3053 1351 3118 iohannis
1373 3051 1521 3136 Clausen,
1541 3054 1693 3131 Nicholai,
1715 3055 1802 3120 Pauli
1816 3063 1850 3120 et
1866 3053 2014 3121 Wilielmi
2035 3054 2242 3140 Ficttyngdon,

412 3175 466 3251 qui
487 3169 638 3251 prefatum
658 3170 806 3236 ioannem
829 3171 981 3236 Boudicbe
1003 3177 1248 3251 supervixerunt,
1272 3167 1307 3236 a'c
1328 3189 1387 3253 pro
1409 3189 1462 3252 eo,
1489 3174 1572 3254 quod
1595 3177 1654 3253 ipsi
1676 3173 1773 3238 dictas
1796 3153 1912 3240 litteras
1935 3182 2055 3240 nostras
2076 3180 2107 3240 in
2132 3161 2243 3240 canoel·
2351 3225 2352 3234 ,

412 3289 489 3354 laria
513 3298 617 3354 nostra
640 3294 836 3356 restituerunt
857 3275 1086 3369 cancellandas,
1115 3290 1254 3356 dedimus
1276 3299 1306 3354 et
1328 3295 1532 3356 concessimus
1554 3291 1664 3356 diiecto
1687 3295 1832 3357 seruienti
1854 3301 1957 3358 nosho
1978 3292 2110 3358 iohanni
2135 3292 2242 3376 Sliegh,

412 3412 464 3488 qui
485 3409 581 3472 dictas
603 3408 748 3474 ducentas
770 3417 799 3472 ct
822 3418 882 3473 tres
904 3425 1023 3474 marcas
1044 3407 1164 3488 pretato
1185 3409 1342 3474 Wiiieimo
1364 3409 1449 3474 More
1471 3411 1613 3488 resoluit,
1646 3414 1835 3494 mesuagium
1863 3410 2082 3478 einhardum
2110 3412 2242 3494 predicta

412 3543 479 3590 cum
502 3531 695 3607 pertinenciis
716 3526 854 3592 habenda
883 3537 912 3592 et
940 3527 1067 3592 tenenda
1096 3527 1193 3592 eidem
1219 3527 1350 3592 dobanni
1377 3526 1483 3611 Sliegh
1510 3535 1539 3592 et
1566 3529 1729 3594 heredibus
1756 3532 1819 3594 suis
1845 3530 1883 3594 de
1910 3531 2001 3596 nohis
2030 3539 2059 3596 et
2085 3530 2242 3596 heredibus

411 3649 524 3708 nostris
550 3663 606 3725 per
632 3648 762 3710 seruicia
791 3644 927 3725 predicta
956 3650 1189 3726 imperpetuum.
1245 3645 1277 3710 ln
1307 3650 1393 3712 cuius
1424 3651 1468 3711 rei
1500 3650 1703 3712 testimoninm
1736 3647 1792 3712 hes
1824 3648 1939 3713 litteras
1972 3656 2093 3714 nostras
2121 3648 2242 3714 fecimus

410 3771 561 3845 patentes.
605 3762 694 3827 Teste
711 3779 759 3826 me
780 3766 858 3843 ipso,
881 3763 962 3844 apud
980 3763 1295 3842 Westmonasterium,
1317 3765 1523 3832 sextodecimo
1538 3766 1587 3830 die
1604 3765 1715 3844 Martii,
1737 3781 1818 3830 anno
1835 3770 1921 3850 regui
1938 3771 2033 3832 nostri
2049 3775 2149 3834 sexto.
2191 3767 2242 3830 Per

409 3882 503 3946 brenu
525 3881 562 3946 de
584 3885 701 3962 privato
723 3881 837 3964 sigilio.
876 3879 1075 3965 Fiaryngtoo.

412 4104 570 4187 xhlll.
616 4107 793 4188 Richord
829 4108 1030 4212 Medsord,
1072 4110 1245 4214 Bischof
1275 4136 1349 4191 nore
1388 4108 1634 4214 dumata,
1674 4113 1847 4214 erloldn,
1888 4113 2061 4194 doceor
2091 4113 2180 4194 dem
2207 4113 2239 4190 J.

410 4259 674 4364 Norbamptou
705 4261 782 4342 dos
810 4260 935 4364 Heus,
968 4263 1032 4342 die
1062 4261 1262 4366 Fdrberci,
1303 4271 1396 4345 socci
1422 4263 1579 4345 Humor
1608 4264 1733 4345 uedeo
1764 4266 1840 4344 deu
1871 4261 2030 4368 Stieqec
2059 4266 2143 4345 uod
2171 4265 2240 4344 dut

549 4411 684 4495 Keller
712 4420 754 4494 iu
791 4413 1117 4520 Wiudcqoosloue
1147 4417 1289 4497 wieder
1317 4417 1523 4522 aoqostolld
1554 4416 1664 4548 bobo.
1726 4415 1843 4518 1391,
1874 4414 1957 4496 Mod
1979 4415 2047 4499 28.
2068 4417 2105 4519 ¹)

412 4635 420 4646 ·
563 4593 729 4672 Omnibus,
759 4595 799 4660 ad
826 4612 903 4676 quos
937 4613 1062 4677 presens
1089 4601 1236 4677 scriptum
1263 4603 1452 4678 peruenerit,
1480 4615 1536 4662 nos
1561 4597 1711 4664 hirardus
1733 4596 1886 4676 Mediord,
1914 4601 2115 4678 permissione
2142 4599 2238 4662 diuina

410 4717 571 4794 episcopus
593 4710 804 4792 cicestrensis,
834 4713 963 4778 salutern
986 4719 1017 4777 in
1040 4714 1169 4780 Domino
1191 4723 1221 4780 et
1241 4716 1490 4782 benedictionem.
1535 4715 1612 4783 Cum
1634 4716 1774 4782 dominus
1796 4733 1852 4780 rex
1873 4733 1951 4782 nono
1972 4733 2028 4798 per
2044 4715 2153 4782 ‚literas
2174 4729 2239 4780 snas

410 4839 547 4912 patentes
576 4831 665 4894 nobis
692 4831 809 4896 dederit
836 4839 865 4896 et
892 4837 1076 4897 concesserit
1104 4850 1159 4914 per
1186 4849 1295 4898 nomen
1316 4834 1438 4900 Ricardi
1461 4833 1598 4900 Medio'rd
1627 4835 1776 4916 capellani
1805 4851 1893 4898 vnum
1915 4839 2104 4900 mansionem
2126 4851 2192 4898 cnm
2214 4832 2239 4895 ie

410 4949 559 5030 dyhowse
581 4956 611 5011 et
631 4947 749 5013 duabus
770 4949 979 5014 mansionibus
1006 4967 1100 5030 super
1125 4952 1239 5034 grados
1268 4961 1409 5016 etenum
1437 4954 1581 5018 celarium
1610 4953 1926 5036 inWendegoosiaoe
1954 4956 2037 5018 iuxta
2058 4953 2239 5020 Thamisiann

410 5072 440 5129 in
463 5066 608 5148 parochia
630 5069 764 5132 omnium
788 5065 967 5132 Sanctorum
997 5073 1106 5132 maiori
1128 5072 1158 5132 in
1181 5073 1302 5134 ciuitate
1324 5069 1465 5150 London,
1494 5087 1553 5164 quse
1575 5071 1696 5136 inerunt
1716 5071 1863 5137 iohannis
1885 5069 2112 5152 Norhemptoo,
2135 5080 2164 5135 et
2184 5083 2238 5148 que

568 5319 593 5385 ¹)
619 5319 678 5372 Ans
696 5320 769 5372 einer
786 5320 923 5374 Absobriit
940 5321 988 5374 eni
1004 5323 1167 5385 Pergamena.
