4680 6334
881 669 991 770 laod,
1017 677 1103 747 Mira
1129 675 1163 747 4.
1843 685 1929 768 127

98 1017 207 1106 dxl.
250 1024 374 1130 Kdreip
403 1025 575 1107 nuere
608 1028 633 1107 1
636 1027 674 1107 V.
711 1037 902 1133 qeelultet
942 1031 1018 1114 dea
1059 1031 1274 1114 deutschen
1308 1033 1471 1116 Husmeo
1510 1035 1587 1116 deu
1630 1037 1783 1120 Geuusa
1820 1041 1926 1122 t'ltrcr

122 1176 351 1281 Pricilept‘ea
382 1178 441 1258 bis
470 1178 706 1260 Miteommer
736 1179 854 1282 1471,
883 1181 985 1286 folla
1015 1182 1225 1265 boomeclte
1258 1183 1458 1267 Gesucdle
1484 1187 1552 1292 ftis
1574 1189 1647 1269 dte
1676 1189 1894 1272 llsedese-

188 1327 552 1434 Ucterltcrcdlucqeo
584 1329 721 1412 Moneo
750 1338 843 1413 snei
870 1334 1019 1414 tebras
1048 1335 1153 1415 coelo
1181 1333 1366 1442 Ersqldod
1395 1339 1631 1442 obpeerdoel
1661 1342 1824 1422 werdere

844 1484 964 1588 1466,
995 1487 1104 1568 Mdrn
1126 1487 1164 1570 d.

238 1663 409 1744 sanamus,
432 1665 486 1729 Dei
507 1667 611 1748 gracia
635 1683 686 1732 rea
710 1663 828 1750 Anglie,
851 1666 987 1744 Franoie,
1009 1675 1039 1731 et
1060 1666 1201 1733 dominns
1222 1669 1379 1750 llibernie,
1414 1673 1556 1737 omnibus
1588 1672 1626 1738 ad
1656 1675 1736 1754 qnod
1766 1687 1921 1756 presentes

93 1783 182 1845 littere
203 1785 414 1862 peruenerint,
447 1785 588 1849 salutern.
633 1783 759 1863 Sciatis,
794 1786 875 1864 quod
898 1803 969 1864 nos,
1002 1805 1040 1850 ex
1062 1788 1152 1852 certis
1174 1791 1276 1853 causis
1299 1795 1329 1852 et
1351 1791 1646 1856 considerationibus
1668 1809 1724 1856 nos
1751 1793 1923 1874 specialiter

92 1901 291 1978 mouentibus,
321 1902 359 1964 de
381 1904 484 1984 gracia
506 1911 609 1966 nostra
631 1901 758 1984 speciali
780 1919 816 1966 ac
837 1921 875 1966 ex
897 1912 979 1967 certa
1001 1906 1126 1968 scientia
1153 1914 1182 1970 et
1204 1921 1289 1970 mero
1312 1915 1395 1970 motu
1418 1910 1546 1985 nostris,
1581 1912 1785 1975 concessimus
1810 1920 1840 1975 et
1866 1929 1922 1992 per

90 2027 238 2096 presentes
260 2020 465 2099 concedimus,
488 2036 545 2100 pro
567 2021 655 2085 uobis
676 2029 706 2084 et
728 2019 890 2086 heredibus
912 2023 1034 2100 nostris,
1057 2025 1276 2087 mercatoribus
1298 2027 1384 2107 regni
1407 2024 1595 2105 Alemannis,
1618 2027 1699 2106 lllls,
1721 2029 1846 2105 scilicet,
1869 2032 1922 2108 qui

90 2135 193 2200 babent
214 2137 340 2200 domam
363 2139 394 2200 in
416 2141 538 2202 ciuitate
560 2137 700 2215 london,
730 2153 789 2218 que
815 2131 1027 2206 liitr'ldelrclle
1041 2137 1301 2207 sTeutomcoruru
1323 2142 1489 2226 vulgariter
1510 2153 1717 2225 nuncupatur,
1752 2148 1835 2226 quod
1857 2149 1916 2227 ipsi
2015 2193 2019 2202 .

89 2257 220 2318 continue
244 2271 262 2318 a
284 2255 362 2319 lesio
383 2259 548 2321 natiuitatis
569 2259 665 2321 sancti
679 2257 825 2322 lobannis
848 2258 988 2339 baptiste,
1012 2257 1092 2337 quod
1115 2260 1172 2322 erit
1194 2275 1274 2324 anno
1292 2259 1410 2324 Domini
1427 2260 1589 2326 lllillesimo
1612 2259 1840 2340 cccclxvlr,
1863 2280 1920 2342 per

89 2375 211 2453 quinque
236 2389 331 2438 annos
353 2375 392 2438 ab
414 2373 520 2438 eodem
542 2374 620 2438 testo
642 2377 784 2456 proximo
805 2384 834 2439 et
855 2377 1029 2440 immediate
1049 2377 1278 2456 computandos,
1301 2393 1358 2457 per
1379 2385 1475 2442 totum
1498 2393 1625 2462 regnum
1648 2387 1786 2445 nostrum
1800 2381 1918 2464 buglis,

88 2509 194 2556 necnon
216 2492 279 2556 alia
303 2493 369 2556 loca
391 2493 479 2557 nobis
501 2493 645 2569 subiecta,
668 2494 810 2556 omnibns
830 2501 861 2557 et
881 2495 1009 2577 singulis
1031 2493 1220 2576 priuilegiis,
1249 2495 1439 2560 libertatibus
1462 2504 1491 2560 et
1513 2497 1616 2561 liberis
1638 2499 1917 2577 consuetudinibus,

88 2611 186 2688 quibus
209 2611 272 2688 ipsi
294 2611 521 2692 progenitorum
545 2619 730 2688 aestrorum,
754 2609 906 2690 quondam
928 2628 1034 2695 regrrm
1050 2611 1169 2694 anglie,
1193 2613 1382 2694 temporibus
1404 2627 1460 2694 per
1481 2629 1588 2678 eornm
1610 2623 1712 2680 cartas
1734 2616 1846 2680 ibidem
1869 2635 1917 2681 ra-

86 2728 272 2792 cionabiliter
292 2729 336 2790 vsi
358 2727 479 2792 inerunt
501 2735 530 2791 et
551 2729 661 2811 ganisi,
685 2726 780 2792 libere
802 2738 831 2793 et
854 2729 980 2811 pacibce
1001 2731 1041 2794 ati
1063 2738 1092 2794 et
1113 2715 1248 2812 gaudere
1269 2735 1404 2809 possint,
1427 2747 1522 2814 eaque
1545 2731 1676 2798 babeant
1696 2743 1726 2797 et
1748 2734 1844 2798 libere
1864 2752 1918 2797 er-

85 2856 207 2924 erceant,
235 2847 351 2926 absque
371 2845 595 2928 impedimento,
618 2849 855 2926 inquinacione,
878 2847 1094 2912 molestacionc
1117 2849 1182 2911 siue
1204 2849 1437 2926 perturbacione
1458 2863 1649 2930 quacumque
1672 2853 1766 2914 nostri
1789 2868 1842 2915 seu
1864 2853 1918 2916 be·
1972 2919 1976 2926 ,

84 2965 178 3029 redum
202 2973 397 3044 nostrornm,
430 2963 708 3044 officiariorumqne
729 2971 759 3028 et
779 2965 987 3029 ministrorum
1010 2973 1182 3029 nostrorum
1205 2975 1257 3029 aut
1283 2981 1407 3030 suorum
1430 2982 1709 3048 quorumcumque,
1742 2969 1798 3033 sub
1825 2970 1916 3032 modo

83 3089 107 3144 et
126 3083 306 3148 condicione
328 3081 517 3145 huiusmodi:
551 3083 632 3161 quod
655 3083 725 3160 ipsi,
749 3081 887 3146 ridellcel
908 3089 1091 3146 morosiores
1112 3085 1199 3164 regni
1222 3082 1415 3161 Alemannis,
1439 3082 1519 3148 inira
1542 3083 1619 3149 duos
1640 3090 1757 3164 primos
1779 3103 1875 3150 annos
1898 3105 1916 3148 a

81 3201 152 3265 dioto
173 3199 258 3266 lesio
279 3201 446 3264 natiuitatis
467 3200 565 3263 saneti
586 3199 733 3265 lobannis
755 3202 896 3279 proximo
918 3203 1059 3264 continue
1082 3199 1296 3276 numerandos,
1321 3209 1421 3264 certos
1442 3210 1672 3282 procuratores,
1695 3205 1838 3281 nuncios,
1861 3221 1914 3268 seu

80 3321 310 3385 ambassiatores
332 3335 422 3396 suos,
445 3333 503 3396 pro
525 3325 611 3397 parte
633 3323 663 3382 et
684 3321 805 3383 nemine
827 3319 923 3382 tocim
945 3317 1044 3382 llaose
1065 3316 1230 3382 Teutonico
1251 3325 1470 3396 mercatorum,
1503 3319 1593 3400 plene
1614 3321 1778 3384 instructos
1800 3329 1831 3383 et
1851 3321 1914 3384 sul-

83 3437 218 3502 icientem
242 3439 275 3501 in
298 3455 333 3501 ea
355 3443 442 3515 parte
463 3443 642 3518 potestatem
664 3436 807 3501 babentes
830 3434 868 3500 ad
890 3435 1097 3514 tractandum,
1127 3435 1427 3512 communicandum,
1465 3437 1712 3501 concordandum
1733 3446 1763 3501 et
1784 3438 1915 3502 llnaliter

83 3555 315 3621 concludendum
339 3555 495 3620 nobiscnm
517 3556 583 3619 sine
604 3571 674 3618 cum
695 3555 913 3619 commissarils
936 3557 1063 3631 nostris,
1097 3555 1260 3632 omniaque
1287 3561 1315 3618 et
1343 3555 1463 3636 singnis
1491 3554 1663 3619 iaciendum
1693 3564 1723 3620 et
1750 3556 1913 3638 agendum,

82 3691 132 3752 que
152 3675 191 3740 ad
214 3677 415 3739 interclusum
438 3682 468 3738 et
488 3675 671 3738 exercicium
693 3672 945 3736 commerciorum
968 3679 996 3736 et
1018 3669 1294 3748 mercandisarnm,
1323 3686 1378 3737 seu
1401 3672 1440 3735 ad
1463 3673 1694 3737 innouaciouem
1716 3680 1768 3736 aut
1789 3688 1914 3754 compo-

81 3794 210 3856 sitionem
232 3795 337 3872 pacis,
370 3791 482 3855 iedmis
504 3799 533 3854 et
555 3791 693 3856 amicicie
714 3796 858 3872 perpetue
880 3793 959 3855 inter
980 3807 1037 3855 nos
1058 3799 1089 3853 et
1117 3796 1301 3852 mercatores
1323 3790 1477 3868 predictos
1506 3795 1677 3854 necessaria
1705 3789 1831 3868 merim,
1858 3807 1913 3854 seu

80 3909 299 3985 quomodolibet
320 3917 507 3989 opportuna,
541 3908 579 3972 ad
602 3925 658 3971 nos
681 3909 800 3971 mittant
829 3911 859 3971 in
889 3925 1017 3990 regnum
1045 3917 1182 3972 nostrum
1205 3906 1316 3990 Anglie
1344 3907 1525 3988 predictum.
1577 3906 1619 3970 lla
1646 3909 1745 3987 quod,
1778 3911 1806 3971 si
1831 3907 1912 3971 inira

79 4025 167 4092 dictos
193 4027 272 4092 dnos
301 4027 417 4108 primos
447 4040 543 4090 annos
570 4025 702 4104 quinque
730 4040 879 4089 annorum
908 4025 1170 4106 supradictorum,
1203 4025 1385 4107 legationem
1413 4041 1466 4089 seu
1494 4025 1710 4090 ambassiatam
1738 4023 1914 4090 huiusmodi

78 4145 103 4205 in
124 4145 220 4210 lorms
243 4143 378 4226 predicta
401 4144 439 4208 ad
462 4161 518 4208 nos
540 4159 600 4208 non
622 4143 775 4222 miserint,
798 4158 836 4207 ex
858 4151 929 4207 tunc
951 4150 982 4206 et
1002 4145 1034 4206 in
1062 4143 1148 4207 illum
1170 4150 1326 4220 euentum,
1361 4143 1501 4207 volumus
1529 4143 1607 4206 banc
1635 4146 1861 4210 concmsionem
1884 4152 1913 4206 et

77 4273 224 4341 presentes
247 4262 364 4326 litteras
386 4271 507 4326 nostras
528 4278 583 4342 per
604 4262 701 4326 dictos
723 4261 799 4325 duos
821 4263 937 4340 primos
959 4277 1054 4325 annos
1076 4261 1269 4325 solummodo
1291 4267 1320 4324 et
1343 4261 1515 4324 nullatenus
1537 4260 1614 4324 altra
1636 4261 1758 4326 durare.

221 4379 406 4460 Etrlterius
427 4379 466 4444 de
486 4383 591 4462 gracia
612 4387 716 4444 nostra
738 4379 874 4460 speciali,
897 4385 988 4458 atque
1010 4394 1047 4442 eu
1068 4379 1200 4442 sciencia
1221 4386 1252 4440 et
1280 4385 1365 4442 motu
1393 4376 1620 4454 consimilibus,
1655 4379 1859 4441 concessimus
1881 4386 1911 4439 et

76 4513 126 4575 per
146 4506 301 4580 presentes
323 4497 527 4576 concedimus,
555 4513 613 4577 pro
637 4496 723 4561 nobis
745 4505 775 4560 et
800 4495 961 4560 heredibus
990 4497 1117 4573 nostris,
1152 4496 1369 4560 mercatoribus
1397 4495 1488 4577 regni
1510 4492 1688 4558 Alemannis
1715 4493 1909 4571 supradictis,

77 4616 151 4692 quod
172 4617 231 4696 ipsi
254 4623 283 4680 et
304 4629 409 4679 eorum
431 4613 558 4692 quilibet
579 4633 596 4679 e
617 4613 754 4695 predicto
777 4612 855 4678 testo
876 4609 1042 4677 natiuitatis
1065 4613 1163 4677 sancti
1184 4611 1333 4677 lobannis
1355 4612 1489 4693 baptiste
1515 4628 1572 4692 per
1601 4619 1736 4689 tempus,
1771 4627 1832 4689 qno
1854 4610 1909 4674 bec

76 4735 224 4799 concessio
246 4742 275 4797 et
297 4739 453 4814 presentes
475 4732 574 4796 littere
595 4741 709 4811 nostre,
732 4740 763 4796 vt
783 4709 977 4810 premittitur,
999 4729 1163 4808 durabunt,
1186 4731 1278 4810 quieti
1301 4733 1362 4793 siat
1382 4737 1411 4792 et
1433 4731 1604 4805 exonerati,
1631 4743 1705 4811 erge
1728 4744 1784 4791 nos
1806 4735 1835 4790 et
1857 4728 1909 4790 be-

77 4851 156 4916 redes
176 4858 314 4928 nostros,
351 4848 388 4914 de
410 4849 550 4913 omnibus
571 4858 601 4914 et
623 4849 803 4915 omnimodis
825 4849 969 4914 subsidiis
990 4849 1158 4926 concessis,
1193 4857 1225 4912 et
1246 4847 1374 4911 durante
1395 4848 1524 4910 termino
1546 4844 1683 4927 predicto
1711 4843 1910 4909 concedendis

76 4967 167 5048 nobis,
190 4977 253 5035 tam
274 4984 332 5048 pro
355 4968 493 5049 personis
514 4969 589 5045 suis,
613 4983 704 5047 quam
725 4983 783 5046 pro
805 4967 947 5032 omnibus
967 4967 1055 5030 bosia
1077 4973 1107 5029 et
1128 4964 1327 5030 madisis
1348 4967 1411 5029 suis
1432 4968 1463 5026 ia
1486 4979 1614 5048 regnum
1637 4971 1773 5026 bonrum
1791 4961 1908 5045 Anglie,

76 5085 145 5150 citra
166 5086 255 5150 duem
278 5088 422 5168 temporis
443 5089 616 5167 prescripti,
637 5093 668 5148 vt
689 5086 881 5166 premittitur,
904 5099 961 5165 per
981 5098 1202 5162 quemcumque
1223 5090 1425 5147 mercatorum
1444 5081 1650 5159 predictorum
1672 5080 1857 5144 adducendis
1880 5090 1909 5144 et

76 5209 153 5267 eaba
174 5206 253 5270 idem
276 5221 403 5288 agnum
426 5211 564 5269 noslrum
586 5201 697 5286 Anglie
719 5201 900 5280 educendis,
934 5201 1091 5266 debendis.
1146 5199 1247 5266 Saluis
1273 5200 1361 5264 nobis
1391 5208 1421 5263 et
1449 5198 1610 5263 heredibus
1638 5201 1750 5262 nostris
1778 5201 1908 5277 antiquis

76 5319 179 5387 destris
200 5325 303 5404 prisia,
326 5322 459 5399 iuribus,
486 5320 752 5424 consuetudinibus
773 5326 804 5384 et
824 5321 970 5384 custumia
991 5319 1243 5398 quibuscamque,
1266 5319 1371 5394 nebia,
1403 5317 1520 5396 absqm
1541 5314 1708 5398 preirtdicio
1729 5316 1909 5400 priuilegio-
