4716 6330
428 633 515 716 124
953 627 1063 724 1461,
1088 629 1234 702 Febrnsr
1260 627 1319 700 11.
1350 665 1401 680 -
1433 625 1544 722 lact,
1568 629 1687 699 ianuar
1711 624 1747 697 6.

428 929 562 1018 CVII.
597 933 833 1040 Gcseopoias
846 934 941 1014 ttbcr
958 936 1022 1014 dic
1030 933 1317 1040 Fecioiilipireit
1333 934 1405 1014 des
1419 957 1492 1013 oon
1502 933 1578 1013 deo
1586 931 1816 1034 Koofieotcn
1827 931 1897 1010 der
1907 929 2125 1011 deutschen
2133 929 2253 1012 Hooac
2337 965 2338 998 t

472 1087 704 1192 pciciatotoo
717 1085 928 1192 Bct'tropea
942 1113 1016 1168 000
1030 1085 1132 1178 20s
1146 1112 1215 1165 acor
1236 1085 1537 1190 botostotacop
1554 1085 1624 1165 der
1646 1083 1815 1163 Wordc..
1835 1079 1947 1186 root,
1972 1081 2149 1163 Fcbroor
2165 1085 2216 1161 11.
2337 1073 2338 1116 ³

580 1268 739 1333 Vniuersis
761 1274 790 1331 et
811 1267 939 1350 singulis
960 1268 1112 1348 presentia
1134 1269 1243 1332 risurh
1264 1281 1318 1330 seu
1340 1265 1402 1349 legi
1425 1263 1572 1330 audituris
1594 1265 1668 1340 Nos,
1689 1264 1843 1328 iohannes
1865 1263 2027 1339 Walssha,
2051 1263 2254 1328 aldermannus

383 1447 386 1456 2
427 1385 531 1452 warde
552 1385 591 1450 de
612 1386 772 1467 Dowgate‚
795 1386 926 1450 ciuitatis
948 1384 1084 1451 London.
1109 1382 1119 1466 ΙΙ
1143 1383 1292 1448 itobertus
1311 1383 1442 1465 Gaytnn,
1463 1399 1619 1466 grccerus,
1640 1381 1773 1447 Thomas
1790 1382 1930 1462 Danyetl,
1952 1383 2074 1459 tinctor,
2096 1381 2255 1445 willelmus

426 1503 544 1584 Boylet
568 1505 676 1581 cissor,
698 1501 873 1568 willelmus
897 1501 1064 1581 Gardener,
1086 1503 1292 1580 piscenarius,
1324 1500 1498 1566 Willelmus
1520 1500 1686 1582 Wyltwan,
1708 1503 1828 1576 tinctor,
1866 1498 1876 1581 ll
1914 1508 1943 1563 et
1963 1499 2123 1564 iohannes
2143 1498 2256 1580 Trewy-

427 1621 514 1699 nard,
537 1632 654 1698 tonsor,
677 1622 759 1684 ciues
781 1621 860 1685 dicte
883 1621 1013 1684 ciuitatis
1035 1629 1065 1683 et
1086 1620 1255 1684 habitantes
1267 1619 1401 1684 eiusdem
1414 1619 1537 1696 warde;
1558 1635 1595 1682 ac
1608 1616 1782 1682 Willelmns
1796 1616 1940 1695 Cauche,
1962 1617 2118 1682 hubertus
2131 1617 2254 1700 Brigger,

426 1739 563 1802 Thomas
585 1738 713 1802 Bauster
741 1735 751 1818 ΙΙ
780 1747 811 1802 et
831 1737 986 1802 lohannes
1006 1736 1135 1815 Broolte,
1159 1755 1238 1802 nunc
1260 1737 1438 1802 collectores
1460 1737 1592 1801 eiusdem
1615 1737 1728 1800 warde.
1742 1736 1899 1814 cuiusdam
1922 1737 2050 1814 pecunie
2072 1752 2190 1800 summe
2210 1727 2255 1798 dd

425 1861 509 1920 mino
532 1857 596 1939 regi
619 1855 782 1937 prestaude
803 1858 835 1918 in
856 1859 978 1918 ciuitate
1000 1855 1147 1936 predicta,
1169 1856 1300 1920 salutem
1322 1858 1354 1919 in
1375 1855 1517 1918 Domino.
1560 1851 1686 1930 Sciatis,
1723 1853 1804 1932 quod
1827 1861 1929 1918 tenore
1952 1855 2140 1935 presentium
2164 1867 2255 1933 recog-

426 1977 590 2052 noscimus,
613 1990 679 2051 nos,
703 1974 855 2053 predictos
883 1973 1133 2048 aldemannum,
1166 1972 1335 2038 habitantes
1364 1982 1394 2036 et
1421 1973 1600 2036 collectores
1626 1989 1683 2053 pm
1710 1973 1798 2036 nohis
1824 1989 1860 2036 ac
1889 1980 1950 2034 tota
1980 1973 2104 2036 ciuitate
2133 1969 2254 2050 predicte

425 2091 533 2157 warde
553 2093 703 2171 recepisse
724 2092 774 2156 die
795 2091 935 2156 datarum
957 2094 1143 2172 presentium
1165 2095 1282 2156 ratione
1304 2090 1474 2156 amicabilis
1497 2094 1594 2155 mutui
1616 2097 1645 2153 et
1658 2090 1872 2169 praestationis
1885 2088 1923 2154 de
1940 2091 2032 2154 certis
2045 2087 2255 2154 mercatoribus

424 2209 527 2276 Hanzc
549 2209 735 2274 Theutonice
757 2211 787 2274 in
810 2209 890 2274 dicta
912 2208 1019 2274 warda
1040 2225 1120 2272 nunc
1143 2210 1339 2274 existentibus
1356 2210 1463 2292 viginti
1485 2208 1579 2272 libras
1598 2205 1825 2290 sterlingorum,
1848 2223 1925 2286 quos
1942 2208 2001 2286 ipsi
2015 2206 2255 2286 eorundpropn't

424 2328 602 2394 auctoritate
623 2327 661 2392 de
683 2329 770 2393 bonis
790 2329 854 2392 suis
875 2336 905 2392 et
926 2343 986 2391 non
1009 2329 1128 2392 nomine
1149 2329 1374 2392 communitatis
1402 2329 1552 2392 dictorum
1575 2333 1776 2390 mercatorum
1797 2325 1899 2390 danne
1925 2327 2012 2390 nobis
2039 2327 2073 2388 in
2096 2325 2254 2388 releuamen
2339 2343 2340 2350 ¹

425 2447 649 2510 communitatis
675 2445 757 2510 dicte
786 2445 891 2509 warde
912 2459 969 2522 pro
991 2447 1124 2522 presenti
1146 2453 1283 2526 tempore
1304 2444 1342 2508 ad
1366 2461 1455 2508 usum
1476 2444 1591 2508 domini
1614 2445 1695 2527 regis
1716 2460 1810 2522 penes
1835 2444 2021 2509 solucionem
2042 2442 2126 2506 dicte
2152 2459 2255 2506 summe

425 2566 469 2627 sic
491 2563 653 2643 prestande
674 2571 858 2643 prestarunt,
881 2579 941 2625 non
963 2579 1001 2624 en
1023 2561 1090 2643 lege
1108 2560 1396 2640 hacconsuetudine
1417 2562 1520 2642 aliqua
1542 2562 1686 2626 hactenns
1708 2563 1826 2640 usitata,
1849 2565 1877 2624 vi
1899 2579 1997 2641 neque
2019 2570 2130 2626 coactu
2151 2561 2188 2624 ad
2207 2560 2255 2622 hoc

426 2679 527 2758 ducti,
560 2688 605 2744 set
627 2699 665 2744 ex
687 2695 771 2744 mera
794 2689 823 2742 et
844 2687 1011 2758 spontanea
1040 2693 1146 2742 corum
1170 2679 1322 2744 voluntate
1350 2679 1391 2744 ad
1420 2680 1599 2744 instanciam
1628 2689 1658 2743 et
1684 2681 1878 2762 rogacionem
1905 2680 2047 2746 Richardi
2079 2681 2155 2757 hee,
2187 2695 2254 2742 nune

426 2797 569 2876 maioris,
603 2804 632 2860 et
654 2796 923 2861 aldermannorum
944 2796 1022 2860 dicte
1044 2797 1175 2861 ciuitatis
1197 2805 1353 2879 gratanter
1374 2804 1557 2877 prestarunt.
1608 2797 1647 2860 Et
1668 2799 1871 2878 promittimus
1898 2815 1972 2876 nos,
2007 2799 2139 2880 predicti
2168 2797 2253 2862 nider·

425 2930 565 2992 mannus,
588 2913 758 2978 habitantes
780 2924 810 2978 et
831 2914 1009 2978 collectores
1031 2915 1199 2995 pronubis
1221 2933 1257 2980 ac
1279 2917 1493 2980 communitate
1514 2933 1550 2980 ac
1571 2916 1798 2980 successorihus
1820 2919 1931 2982 nostris
1945 2917 2023 2982 dicte
2042 2919 2163 2992 warde,
2184 2915 2253 2995 quod

360 2999 379 3032 ⁶
424 3032 561 3112 predicta
583 3037 730 3112 prestatio
755 3034 860 3115 viginti
881 3032 1029 3096 librarum
1051 3049 1205 3114 nunquam
1227 3037 1258 3097 in
1280 3035 1480 3114 preindicinm
1501 3033 1590 3098 dictis
1611 3035 1841 3114 mercatoribus,
1864 3038 2077 3102 communitati
2102 3032 2252 3100 eorumrel

426 3152 654 3216 successoribus
675 3154 739 3214 suis
762 3159 815 3214 ant
835 3150 1009 3216 libertatum
1030 3168 1155 3216 suarum
1177 3157 1222 3216 eis
1243 3152 1391 3217 hactenns
1411 3167 1626 3216 concessarum
1647 3167 1701 3216 seu
1721 3154 1972 3219 consuetudinum
1992 3171 2121 3219 suarum
2134 3161 2253 3216 seratur

424 3269 470 3334 vel
491 3268 684 3350 dispendium
706 3267 768 3332 vilo
790 3266 893 3346 modo,
915 3284 969 3332 nec
990 3267 1073 3348 quod
1091 3287 1182 3336 causa
1199 3269 1293 3334 libere
1308 3271 1503 3349 prestationis
1516 3269 1662 3349 predicte,
1685 3271 1711 3335 si
1730 3287 1789 3350 one
1803 3287 1859 3336 nos
1873 3272 1919 3336 rel
1936 3289 2132 3338 successores
2146 3279 2253 3336 nostros

291 3475 294 3482 .
423 3387 503 3451 dicte
523 3385 630 3452 warde
651 3388 683 3449 in
704 3386 774 3450 ttliis
796 3386 1005 3452 consimilibus
1026 3389 1236 3466 inposterum
1259 3388 1363 3452 subire
1384 3390 1561 3470 contigerit,
1595 3405 1686 3468 quam
1714 3405 1824 3470 urgens
1844 3391 1936 3453 etiam
1959 3393 2125 3456 necessitas
2146 3392 2253 3464 eniam,

423 3505 496 3569 dicti
518 3513 704 3568 mercatores
725 3501 827 3568 banze
849 3511 878 3566 et
899 3506 1100 3570 communitas
1129 3523 1235 3570 eorum
1261 3505 1309 3570 eei
1331 3521 1437 3570 eorum
1459 3521 1651 3571 successores
1673 3523 1733 3570 nou
1755 3515 1919 3572 onerentur
1939 3509 1971 3571 in
1993 3507 2100 3588 aliquo
2122 3526 2174 3572 nec
2192 3523 2252 3590 gra·

425 3632 535 3687 nentur
556 3623 625 3687 vilis
648 3622 836 3700 temporibus
857 3623 888 3687 in
910 3620 1057 3688 loturum.
1101 3624 1250 3689 Volumus
1273 3625 1372 3701 etiam,
1395 3623 1477 3705 quod
1498 3626 1568 3706 ipsi,
1592 3625 1638 3690 rel
1660 3641 1766 3690 eorum
1787 3623 2002 3692 Tbcutouirus
2018 3624 2252 3694 Aldecmcooos

423 3741 573 3806 dictorum
596 3748 800 3806 mercatorum
823 3757 880 3822 pro
903 3750 1039 3824 tempore
1061 3746 1221 3809 existentes
1242 3751 1466 3823 consequantur
1487 3750 1518 3805 et
1538 3743 1670 3808 babeant
1691 3743 1817 3808 eandem
1839 3746 2098 3810 assecurationem
2125 3753 2154 3810 et
2180 3743 2252 3807 solu·

423 3863 534 3923 tionem
557 3859 706 3923 dictarum
729 3860 832 3943 viginti
854 3859 1002 3924 librarum
1024 3861 1054 3925 in
1077 3861 1191 3927 eisdem
1213 3861 1320 3927 lormis
1343 3870 1373 3926 et
1395 3861 1582 3942 temporibus
1604 3878 1661 3943 pro
1683 3869 1750 3926 rata
1771 3862 1952 3941 eorundem,
1987 3865 2096 3943 quales
2118 3865 2210 3929 maior
2228 3868 2252 3922 et

423 3981 621 4042 communitas
644 3975 722 4041 dicte
743 3978 874 4042 ciuitatis
896 3995 915 4040 n
937 3977 1061 4044 domino
1083 3998 1156 4066 rege
1178 3981 1225 4046 vel
1247 3981 1377 4046 dominis
1399 3981 1437 4045 de
1460 3981 1589 4046 consilio
1610 3998 1667 4046 suo
1688 3982 1835 4062 recipient
1854 3990 1885 4045 et
1906 3981 2070 4060 habebunt,
2095 3990 2184 4063 prout
2203 3979 2252 4042 boc

423 4097 514 4160 etiam
531 4097 563 4158 in
581 4095 661 4160 libro
673 4093 833 4178 Guyhalde
851 4097 981 4162 ciuitatis
996 4099 1133 4178 predicte
1149 4099 1270 4166 literali
1285 4103 1474 4182 consignato,
1496 4099 1571 4164 lolio
1582 4097 1717 4164 666111ο
1730 4101 1829 4166 extitit
1837 4099 2042 4166 irrotulatnm.
2069 4102 2104 4168 ln
2118 4102 2201 4166 cuius
2215 4097 2252 4162 rei

422 4214 627 4280 testimoninm
649 4215 840 4296 presentibus
860 4215 963 4298 0131110
985 4227 1089 4284 nostra
1109 4219 1287 4302 singillatim
1314 4219 1525 4300 apposuimus.
1569 4219 1679 4284 Datum
1706 4218 1865 4284 undecimo
1886 4219 1936 4284 die
1957 4224 2070 4286 mensis
2091 4218 2246 4292 lebuini,
2341 4269 2342 4328 i

420 4332 509 4398 Anno
531 4333 619 4416 regni
640 4331 731 4416 Regis
752 4331 874 4398 hienrici
895 4337 972 4401 sexti
993 4345 1064 4415 post
1085 4345 1284 4419 conquestum
1306 4339 1458 4403 tricesimo
1481 4353 1573 4400 nono.

422 4499 577 4590 CVIII.
622 4505 941 4611 1000900000
963 4509 1031 4589 IV.
1064 4510 1226 4591 erbietct
1256 4512 1343 4591 sich
1371 4535 1495 4617 pepon
1521 4509 1796 4592 amiternae
1820 4509 2030 4617 Homborp,
2063 4515 2139 4595 dos
2159 4512 2250 4618 froia
2341 4459 2342 4470 Ν

454 4657 582 4742 delcit
600 4659 669 4763 site
693 4659 757 4741 dic
771 4659 934 4743 1100000
956 4661 1033 4766 cof
1047 4669 1142 4744 sicci
1154 4663 1277 4744 Jubrc
1300 4688 1348 4744 ao
1368 4664 1600 4768 0001009000
1622 4663 1704 4744 006
1721 4662 1923 4746 Gceoodtc
1946 4667 2050 4748 noch
2071 4665 2224 4748 Utrechl

965 4839 1015 4894 su
1038 4815 1233 4896 echichera
1293 4811 1411 4917 tuos,
1442 4818 1595 4898 Jmtoor
1615 4817 1655 4897 3.
1678 4816 1713 4920 ¹)

573 4973 754 5054 Edwardns,
778 4975 832 5042 liei
855 4981 959 5061 gracia
982 4993 1037 5042 rex
1058 4975 1169 5062 huglie
1191 4987 1222 5044 et
1242 4979 1368 5045 Francie
1390 4989 1419 5044 et
1441 4981 1583 5046 dominus
1604 4979 1762 5060 hibernie,
1793 4980 2011 5061 spectabilibus
2032 4992 2062 5047 et
2083 4979 2247 5048 clarissimis
2341 4997 2342 5000 ¹

420 5094 503 5172 viris,
526 5092 761 5160 Proconsulibus
783 5104 813 5160 et
834 5093 1020 5164 Consulibus
1042 5099 1170 5163 ciuitatis
1191 5097 1442 5183 llamhorgensls,
1464 5101 1570 5166 amicis
1592 5101 1704 5166 nostris
1727 5101 1911 5180 carissimis,
1941 5101 2071 5188 salntem
2092 5103 2245 5183 plurimun

576 5295 600 5361 ¹)
626 5295 685 5350 Ans
704 5299 777 5352 einer
792 5295 931 5354 abscidit
948 5301 985 5354 tm
1003 5299 1304 5368 conumeraremus.
