4834 6338
906 639 1016 738 aare,
1041 643 1126 716 usn
1152 640 1212 714 es.
1891 646 1970 728 att

151 930 248 992 nostri
269 924 394 1010 Anglie,
426 925 459 990 in
480 924 716 1022 quibuscumque
736 923 865 992 nauibus
892 928 939 992 ael
961 933 1041 994 rasis
1070 945 1199 1008 ponere,
1232 926 1392 1008 eslrippare
1420 937 1449 992 et
1475 927 1513 992 ad
1541 939 1643 1009 partes
1671 939 1790 996 exuras
1818 927 1975 999 traducere

150 1048 300 1125 poterion
332 1059 460 1124 quarum
489 1046 622 1110 omnium
651 1043 908 1110 mercandisarum
936 1047 981 1110 sic
1010 1045 1254 1112 adducendorum
1282 1046 1329 1110 rel
1358 1045 1579 1114 docendarum
1607 1040 1742 1115 costuma
1769 1057 1799 1112 et
1828 1047 1974 1124 subsidia,

150 1169 235 1230 iuxta
252 1162 415 1230 earundem
433 1172 531 1228 ratam
547 1171 577 1227 et
594 1165 789 1244 quantitatem
806 1174 1011 1260 custumarum
1033 1174 1063 1230 et
1083 1164 1286 1230 subsidiorum
1296 1165 1420 1246 {mutum
1442 1176 1471 1232 et
1493 1184 1552 1232 non
1570 1167 1659 1246 ultra,
1681 1168 1802 1248 (quella
1820 1176 1975 1232 custumes

150 1293 180 1348 et
202 1281 337 1348 subsidia
358 1290 541 1346 mercatores
561 1281 660 1346 Hense
681 1283 814 1362 predicte
835 1285 922 1350 nobis
943 1293 996 1348 ant
1016 1285 1262 1366 progenitoribus
1283 1286 1347 1350 siue
1367 1283 1631 1367 predecessoribus
1653 1291 1779 1364 uostris,
1812 1286 1851 1350 ad
1873 1287 1973 1349 minus

149 1412 220 1466 anm
241 1419 354 1466 annum
375 1405 513 1480 quintum
534 1403 621 1484 regui
642 1403 737 1466 nostri
759 1402 915 1468 sciuerunt
936 1411 989 1466 aut
1004 1403 1124 1467 soluere
1140 1413 1361 1468 consueuerant
1381 1421 1438 1484 pro
1460 1407 1603 1470 custumis
1625 1413 1654 1468 et
1674 1405 1816 1470 subsidiis
1836 1420 1974 1468 mercan-

147 1522 285 1587 disarum
307 1519 460 1597 sermm)
480 1519 519 1584 ad
540 1535 691 1584 sommam
711 1521 816 1586 decem
838 1521 965 1586 millium
982 1521 1134 1587 librarum
1155 1523 1186 1585 in
1209 1529 1271 1586 toto
1292 1539 1326 1588 se
1343 1525 1499 1606 attingent,
1522 1525 1635 1602 absque
1657 1523 1808 1602 aliquibus
1830 1525 1974 1588 custumis

148 1651 177 1706 et
200 1638 343 1706 subsidiis
365 1640 453 1704 nobis
474 1647 525 1704 aut
545 1638 705 1704 heredibus
726 1642 838 1706 nostris
858 1648 911 1705 aut
933 1641 1084 1721 aliquibus
1106 1641 1316 1706 collectoribus
1339 1644 1403 1706 sine
1419 1643 1621 1718 customariis,
1644 1644 1710 1706 siae
1731 1643 1797 1706 aliis
1819 1640 1974 1705 officiariis

146 1771 176 1826 et
199 1759 346 1824 ministris
367 1759 496 1835 nostris,
526 1757 679 1826 soluendis
708 1767 759 1824 aut
785 1758 948 1837 babendis;
977 1768 1007 1824 et
1027 1761 1141 1839 absque
1164 1761 1348 1839 impetitione
1375 1763 1485 1838 nostri,
1516 1759 1678 1834 beredum',
1708 1759 1923 1824 officiosiorem
1945 1767 1975 1822 et

143 1881 354 1944 ministrorum
384 1886 556 1943 nosuorum
583 1893 858 1958 quorumcumque;
888 1913 929 1924 -
957 1895 1013 1959 per
1040 1878 1218 1944 indenturas
1246 1878 1283 1942 de
1312 1888 1447 1962 tempore
1475 1881 1505 1944 in
1536 1888 1654 1960 tempus
1682 1881 1761 1944 iuter
1791 1887 1973 1944 mercatores

141 1999 301 2080 predictos
322 1999 387 2062 siue
407 2012 513 2060 eornm
535 1996 653 2076 aliquos
668 1997 715 2060 rel
736 1996 880 2077 aliquem,
902 2005 934 2060 et
954 1997 1129 2062 collectores
1151 2006 1179 2061 et
1200 1999 1401 2064 custumerios
1424 2007 1627 2062 custumernm
1650 2006 1679 2062 et
1699 1998 1920 2074 subsidiorum,
1943 1999 1975 2060 iu

140 2117 295 2200 portubus
316 2117 380 2182 siue
401 2122 502 2194 portu,
523 2116 555 2180 in
576 2132 653 2195 quos
670 2116 716 2180 rel
737 2133 826 2195 quem
848 2116 1035 2180 mercandisc
1051 2125 1080 2180 et
1102 2117 1295 2180 mercimonia
1312 2116 1365 2181 illa
1387 2119 1431 2180 sic
1446 2117 1576 2182 adducta
1598 2117 1719 2194 luerint,
1742 2124 1772 2180 et
1788 2125 1873 2180 extra
1896 2133 1973 2194 quos

141 2238 193 2301 sel
216 2253 306 2316 quern
327 2234 499 2300 huiusmodi
521 2233 708 2300 mercandise
730 2243 759 2298 et
780 2236 976 2300 mercimonia
1005 2234 1044 2299 ad
1072 2243 1173 2314 partes
1202 2243 1319 2300 exteras
1342 2235 1550 2314 traducentur,
1581 2235 1754 2300 huiusmodi
1776 2235 1973 2300 adductiones

139 2367 172 2421 et
196 2354 399 2420 traductiones
414 2353 615 2418 tasudcantes.
648 2352 705 2418 Per
727 2369 855 2432 quarum
871 2353 993 2434 quidem
1014 2353 1242 2418 indenturamm
1255 2353 1383 2421 alteram
1404 2363 1520 2436 partem
1537 2354 1675 2421 uolumus
1696 2356 1780 2435 ipsos
1795 2353 1973 2418 collectores

139 2485 171 2540 et
195 2476 396 2540 customarios
418 2480 567 2536 eteorum
589 2471 762 2551 quemlibet,
785 2472 822 2537 de
844 2473 983 2538 omnibus
998 2474 1143 2537 custumis
1165 2480 1194 2536 et
1211 2471 1353 2537 subsidiis
1375 2474 1634 2538 mercandisarum
1657 2483 1686 2538 et
1708 2473 1973 2536 mercimoniorum

139 2595 367 2674 predictorum,
396 2608 469 2676 erga
498 2607 555 2656 nos
577 2598 606 2655 et
626 2589 752 2656 heredes
773 2599 893 2656 nostros
913 2593 1074 2656 exonerari
1096 2600 1125 2654 et
1146 2591 1321 2670 acquieteri.
1366 2590 1402 2654 Et
1422 2592 1547 2674 iusuper
1569 2591 1707 2658 volumus
1728 2601 1758 2656 et
1779 2591 1972 2656 concedimus

141 2713 272 2795 prelatis
293 2710 521 2788 mercatoribus,
542 2709 623 2789 quod
645 2711 704 2790 ipsi
725 2713 790 2774 siue
812 2725 917 2774 eorum
938 2710 1033 2790 aliqui
1054 2719 1207 2776 costumas
1229 2717 1258 2774 et
1279 2709 1413 2775 subsidia
1432 2709 1578 2790 predicta,
1601 2715 1683 2776 iuxta
1706 2719 1802 2776 ratem
1826 2718 1856 2774 et
1877 2726 1974 2788 qnan-

140 2835 260 2898 titatem
281 2831 446 2913 predictas,
479 2829 517 2894 ad
545 2844 695 2894 summam
718 2826 821 2895 decem
843 2827 971 2892 millium
993 2828 1141 2894 librarum
1163 2829 1356 2912 atduqcntes,
1389 2831 1420 2892 in
1442 2830 1582 2894 manibus
1603 2833 1667 2894 suis
1687 2829 1822 2910 propriis
1843 2828 1974 2894 babeant

141 2963 171 3017 et
194 2954 360 3029 reducant,
390 2951 503 3030 absque
524 2955 666 3028 computo
687 2965 741 3012 seu
763 2947 867 3026 aliquo
888 2948 949 3012 aliu
969 2950 1058 3013 nobis
1079 2947 1149 3012 inde
1171 2945 1324 3012 reddendo
1346 2964 1399 3012 seu
1421 2946 1582 3025 soluend03
1616 2956 1645 3010 et
1667 2947 1749 3027 quod
1777 2949 1836 3028 ipsi
1856 2964 1973 3012 merea-

140 3081 225 3136 tores
247 3071 285 3136 de
305 3069 444 3134 omnibus
465 3067 533 3132 aliis
554 3067 697 3144 summis,
725 3082 785 3145 que
805 3065 844 3131 ab
866 3066 942 3145 ipsis
963 3065 1001 3130 de
1022 3066 1166 3130 cusmmis
1187 3073 1217 3130 et
1238 3065 1379 3132 subsidiis
1400 3065 1560 3147 predictis,
1582 3065 1660 3129 altra
1683 3074 1779 3130 ratam
1802 3075 1832 3131 et
1854 3068 1973 3146 quanti-

141 3199 237 3256 tatem
265 3189 431 3271 predictas‚
463 3186 502 3252 ad
528 3201 605 3266 opus
632 3194 766 3249 nostrum
796 3201 850 3250 seu
879 3185 1022 3250 beredum
1051 3194 1224 3250 uosuorum
1250 3186 1330 3268 exigi
1357 3192 1499 3265 poterunt
1519 3186 1738 3265 quouismodo,
1771 3201 1843 3268 erga
1867 3202 1922 3248 nos
1943 3193 1973 3250 et

141 3311 271 3376 heredes
304 3316 426 3375 nusuos
460 3312 661 3371 exonerentur
692 3313 721 3370 et
755 3304 959 3384 acquiescatur
986 3321 1022 3368 ac
1048 3321 1153 3370 eorum
1181 3303 1306 3385 quilibet
1334 3313 1514 3370 moneretur
1541 3313 1572 3368 et
1598 3306 1795 3384 acquietetur.
1844 3303 1971 3368 Prouiso

142 3447 280 3512 semper,
310 3425 391 3510 quod
412 3425 514 3491 nullus
535 3423 629 3500 alius,
658 3430 851 3503 preterquam
873 3431 1056 3498 mercatores
1077 3422 1115 3486 dc
1136 3421 1237 3488 llansa
1258 3422 1393 3504 predicta
1414 3422 1452 3487 de
1473 3421 1557 3506 gilda
1578 3421 1713 3504 predicta
1735 3423 1913 3498 existentes,
1942 3429 1972 3486 et

142 3567 202 3634 pro
219 3559 355 3629 tempore
376 3563 436 3626 quo
453 3546 491 3610 de
508 3543 590 3626 gilda
607 3541 659 3608 illa
677 3542 798 3621 luemus,
821 3509 996 3607 beneficium
1014 3542 1137 3622 aliquod
1153 3549 1291 3623 pretextu
1307 3542 1415 3607 benum
1431 3543 1586 3608 literarum
1603 3550 1775 3606 nostrerum
1792 3541 1970 3622 petentium,

142 3671 254 3734 babeat
281 3676 311 3732 et
336 3666 468 3731 obtineat
494 3673 547 3728 aut
567 3664 717 3730 sorciatur
737 3661 799 3726 vilo
821 3661 928 3740 modo;
961 3669 990 3726 et
1016 3660 1097 3741 quod
1126 3661 1227 3726 nullus
1249 3671 1450 3729 mercatorum
1472 3661 1594 3726 illorum
1617 3660 1743 3724 aduocat
1764 3660 1884 3740 aliquos
1905 3662 1971 3726 siue

144 3791 276 3870 aliquem
297 3785 364 3851 lore
384 3792 566 3850 mercatores
587 3784 652 3849 siue
672 3790 870 3848 mercatorem
892 3781 929 3845 de
950 3780 1053 3846 ilausa
1074 3781 1209 3864 predicta
1236 3790 1266 3846 et
1287 3780 1324 3846 de
1346 3781 1430 3865 gilde
1451 3781 1602 3861 predicta,
1630 3784 1682 3860 qui
1704 3797 1765 3844 non
1787 3779 1898 3844 luerint
1919 3789 1972 3842 aut

142 3926 206 3974 non
223 3907 313 3972 luerit
333 3903 372 3970 de
389 3903 495 3968 eadem
511 3901 605 3986 gilda
639 3900 749 3982 Aliquo
766 3909 889 3980 statuto,
911 3908 990 3980 actu,
1009 3900 1198 3967 ordinatione
1217 3902 1282 3966 sine
1300 3901 1500 3982 restrictione,
1522 3899 1653 3966 seualle
1672 3914 1766 3962 eausa
1779 3915 1971 3978 quecunque,

144 4026 285 4093 antebac
302 4033 438 4106 tempore
457 4021 547 4100 iacto,
570 4021 649 4088 edito
671 4037 725 4088 seu
746 4021 880 4101 proruo,
904 4024 934 4086 in
955 4021 1059 4101 aliquo
1081 4020 1307 4086 nonobstante.
1339 4019 1374 4084 ln
1391 4021 1477 4086 cuius
1499 4020 1543 4082 rei
1563 4019 1768 4084 testimonium
1786 4017 1845 4082 has
1866 4003 1970 4082 literas

144 4156 265 4212 nostrm
286 4145 352 4220 fleri
372 4140 498 4208 iacimus
518 4149 666 4221 patentes.
709 4139 798 4206 Teste
818 4157 866 4204 me
887 4142 972 4222 ipso,
999 4140 1079 4221 apud
1102 4138 1550 4220 westmonasterium,quarto
1573 4139 1690 4203 decimo
1713 4138 1761 4203 die
1783 4137 1970 4214 Decembris,

144 4283 225 4332 anno
246 4265 333 4348 regni
354 4264 450 4330 nocui
470 4270 579 4342 quarto
600 4262 728 4328 decimo.

205 4485 428 4575 cxxvii,
472 4486 889 4588 Porlumeols-Acle,
921 4483 1135 4588 bclrcffcod
1164 4485 1227 4566 dic
1263 4429 1552 4590 Ueberlropuoq
1581 4484 1653 4566 dec
1684 4481 1911 4586 Stublboses

557 4667 609 4722 ore
640 4641 703 4722 die
734 4641 921 4724 deulecbe
949 4639 1094 4720 Hmtee.
1155 4637 1270 4741 ttae,
1300 4638 1410 4718 littra
1433 4637 1500 4716 23.
1520 4639 1555 4739 ¹)

297 4822 462 4892 Edwardi
487 4821 608 4904 Quarti
627 4819 891 4912 Exemplificotio
921 4833 1011 4888 octus
1038 4818 1258 4887 Perliumeoti
1277 4817 1496 4887 concessionis
1524 4817 1638 4884 domus
1661 4815 1900 4886 Stilliordooue
1931 4815 1970 4883 de

143 4967 232 5016 coco
255 4946 343 5034 repis
368 4937 448 5010 XV?

228 5155 247 5182 Ἰ
301 5201 325 5268 ¹)
352 5201 406 5253 lias
418 5197 730 5264 original-Transscrlpt,
748 5211 779 5250 so
797 5198 845 5250 trle
862 5198 904 5250 eln
923 5197 1034 5250 auderes
1053 5209 1113 5248 rom
1125 5194 1227 5258 llbnlqe
1238 5194 1330 5248 dames
1343 5197 1364 5246 1.
1381 5207 1436 5247 aa.
1451 5195 1524 5247 xllll
1541 5190 1716 5259 (1620)‚lnni
1731 5188 1773 5254 li,
1791 5202 1823 5242 so
1842 5191 1889 5240 rrle
1906 5191 1966 5240 eine

142 5285 280 5338 Abscbrllt
295 5285 323 5336 ln
341 5285 401 5337 dena
419 5279 695 5347 cccccccccc-codex
718 5285 745 5335 ln
763 5283 838 5335 Folio
861 5281 922 5334 sind
939 5282 976 5332 im
995 5279 1118 5332 ldbeclrer
1135 5275 1359 5332 stadt-Arcblre.
1394 5280 1474 5333 Dicae
1493 5277 1718 5342 Exemplillcatlon
1736 5275 1800 5328 trird
1818 5273 1967 5338 aulqeltibrt

141 5373 170 5424 ln
189 5371 372 5424 calendarium
389 5370 536 5423 rotulorum
554 5369 699 5432 patentlnm
717 5383 744 5433 p.
756 5365 808 5422 320
825 5367 879 5420 nod
897 5364 1022 5432 Pmuods
1039 5363 1132 5419 Tener
1149 5363 1268 5416 llecords
1285 5377 1312 5428 p.
1326 5359 1386 5418 eut.
