4716 6330
829 683 938 782 totu,
965 687 1111 761 October
1136 685 1195 758 25.
1837 689 1916 772 101

96 973 182 1037 terris
204 981 234 1037 et
256 973 430 1038 uncnmtic
451 980 481 1038 ct
501 974 635 1038 terminis
657 973 740 1038 solus
758 974 878 1039 sentius
899 983 929 1039 et
949 952 1192 1056 possesdonatus
1207 979 1345 1054 existens,
1367 975 1417 1055 pia
1436 978 1605 1042 intencione
1626 983 1655 1040 et
1675 975 1785 1042 deuota
1802 991 1917 1042 memo-

96 1094 152 1156 rati
171 1091 320 1158 inmunis
340 1091 517 1174 cheweit
538 1091 744 1172 mnsidmta,
766 1109 803 1158 nc
824 1101 943 1158 matum
965 1094 1092 1159 consitio
1111 1095 1144 1157 in
1166 1095 1233 1178 iege
1254 1094 1439 1160 eruditorum
1460 1111 1499 1160 en
1520 1113 1644 1162 amaneu
1665 1097 1736 1161 dicti
1760 1095 1917 1162 wittietnt

2 1226 3 1260 t
94 1211 248 1276 mmmm
271 1213 301 1276 in
322 1211 381 1276 irae
401 1219 487 1294 parte
514 1211 606 1276 michi
626 1220 799 1292 assumpto,
827 1213 1081 1293 consideratoque
1107 1213 1232 1278 murina
1260 1213 1393 1294 quodam
1412 1213 1604 1280 fondamento
1630 1215 1786 1280 cuiusdam
1808 1217 1917 1282 domus

93 1335 221 1412 petrice,
245 1333 300 1396 site
319 1333 352 1394 iu
372 1330 517 1411 parochia
539 1333 635 1398 sancti
651 1331 814 1412 nouoque
831 1336 914 1397 iuxta
936 1331 1171 1416 Bilipngesgate,
1194 1333 1340 1412 rideiicet,
1363 1337 1442 1398 inter
1461 1335 1620 1400 encksiam
1641 1337 1739 1400 sancti
1752 1334 1917 1416 Bothuipiri

92 1451 224 1530 predicti
244 1467 283 1514 ex
303 1457 390 1532 parte
410 1451 538 1528 ncredi,
560 1460 590 1516 et
611 1460 779 1517 tenemento
799 1453 924 1516 maioris
946 1460 977 1516 et
997 1454 1219 1517 communitatis
1242 1455 1372 1518 ciuitatis
1388 1452 1526 1521 London.
1548 1471 1585 1518 ex
1606 1455 1744 1534 partibus
1764 1453 1915 1532 orientali,

91 1570 218 1636 amuaii
240 1578 270 1635 et
290 1569 479 1648 occidentali,
502 1587 559 1650 per
577 1568 749 1636 Gaiiridum
770 1569 895 1653 iiclcyn,
917 1572 1075 1648 maiorem,
1097 1581 1127 1637 et
1148 1577 1392 1638 communitatem
1413 1575 1544 1639 ciuitatis
1565 1573 1698 1658 predicte
1720 1574 1809 1638 michi
1832 1573 1918 1638 irere-
2018 1571 2020 1578 ’

92 1691 179 1754 dions
200 1698 233 1754 et
254 1691 416 1774 assignatis
438 1693 514 1754 meis
530 1705 627 1770 nuper
646 1689 744 1768 iacto;
766 1707 824 1771 que
840 1691 950 1755 domus
970 1697 1017 1756 est
1035 1691 1075 1755 de
1092 1707 1172 1756 nnnc
1188 1692 1301 1757 vaioris
1316 1695 1419 1776 viginti
1437 1694 1623 1772 solidorum
1645 1704 1675 1758 et
1689 1693 1774 1758 iliam
1793 1696 1915 1772 rectori,

91 1809 327 1890 custodibusque
347 1816 376 1873 et
390 1809 583 1890 ραι-οοῑιὶιιιίε
604 1809 738 1890 ρτεᾱίυιο
753 1809 879 1874 materie
898 1811 995 1876 sancti
1010 1809 1175 1892 Bothuipiri
1196 1819 1225 1876 et
1241 1811 1469 1879 mccenrtuns
1483 1815 1555 1893 suis,
1579 1822 1719 1894 tauquam
1737 1813 1916 1878 venonium

90 1929 165 1994 dicte
186 1929 316 1994 ecciede
344 1931 565 2008 inperpetuum
591 1930 785 2007 servituram,
811 1945 868 2008 pro
889 1930 985 1994 sainte
1006 1931 1107 1994 anime
1134 1931 1207 1994 duni
1226 1930 1373 1996 iohannis
1395 1932 1585 2014 iicyneweii,
1614 1935 1697 1998 iuxta
1718 1934 1916 1998 intencionem

90 2065 191 2127 snam,
228 2049 383 2131 lagereio
406 2048 694 2126 voiuntatccniat03
726 2066 783 2129 per
809 2047 868 2112 hoc
888 2065 1014 2128 precem
1034 2056 1242 2114 testamentum
1265 2067 1381 2130 meum,
1412 2052 1453 2116 dc
1475 2060 1506 2116 et
1526 2053 1595 2136 iege
1617 2051 1735 2131 prcieto
1760 2049 1916 2136 Gnisrc'do

90 2165 237 2256 Boieyrr,
260 2169 385 2245 maiori,
415 2176 444 2232 et
465 2169 673 2233 communitati
693 2169 821 2233 civitatis
841 2167 984 2246 london,
1012 2177 1043 2232 et
1063 2172 1288 2234 successoribus
1310 2173 1391 2248 scis,
1422 2173 1526 2254 uiginti
1546 2170 1678 2248 solidos,
1701 2171 1914 2252 percipiendos

90 2286 311 2352 aunuatim·dc
336 2288 477 2354 ormtibns
503 2286 646 2368 predictis
676 2289 764 2352 terris
793 2295 822 2352 et
852 2289 1027 2352 tenementis
1054 2305 1123 2352 cum
1151 2291 1214 2353 sois
1243 2291 1451 2370 pertinenciis,
1482 2292 1512 2354 in
1541 2295 1858 2372 recompensacionem
1886 2300 1915 2356 ct

88 2407 325 2472 satisfactionem
354 2407 412 2471 soii
439 2415 468 2471 et
495 2406 630 2485 unanime
656 2407 764 2471 domos
792 2411 909 2486 petrina
938 2408 977 2472 ad
1003 2416 1135 2487 quatuor
1162 2411 1233 2472 anni
1261 2411 1406 2474 terminos
1431 2411 1463 2474 in
1484 2409 1602 2478 ciuitate
1623 2410 1759 2475 London
1782 2411 1914 2489 munies,
2047 2464 2055 2475 .

88 2545 141 2606 per
159 2527 289 2608 munies
311 2527 480 2608 porciones.
523 2525 567 2590 ita
588 2524 670 2606 qnod
691 2528 767 2591 bone
789 2525 890 2591 iicebit
910 2527 1023 2592 eisdam
1044 2530 1153 2592 maiori
1175 2537 1205 2592 et
1226 2531 1432 2594 communitati
1453 2537 1483 2593 et
1502 2531 1728 2594 successoribus
1749 2531 1828 2608 scis,
1855 2545 1913 2609 pro

88 2647 226 2728 predicto
254 2647 372 2712 redditu
400 2646 506 2729 uiginti
532 2643 715 2724 solidorum,
749 2647 862 2711 tociens
883 2647 1020 2726 quotiens
1046 2648 1126 2712 idem
1153 2647 1287 2712 redditur
1308 2665 1326 2712 a
1348 2658 1431 2712 retro
1451 2648 1543 2714 inerit
1568 2651 1599 2714 in
1621 2657 1707 2728 parte
1730 2649 1775 2714 eei
1797 2650 1828 2714 in
1850 2657 1914 2713 toto

88 2776 154 2846 post
174 2767 315 2846 aliquem
334 2767 495 2830 terminum
516 2765 679 2830 scinoionie
700 2765 834 2846 predicte
860 2781 920 2830 uon
941 2765 1075 2844 soiutus,
1104 2767 1135 2830 in
1158 2769 1298 2832 omnious
1320 2767 1463 2848 predictis
1485 2769 1573 2833 terris
1595 2778 1625 2833 et
1647 2771 1823 2834 tenementis
1845 2770 1914 2833 coni

88 2888 283 2967 pertinenciis
304 2887 417 2950 intrare
438 2893 469 2948 et
489 2884 678 2968 distringere,
701 2884 961 2967 disidetionoeque
976 2889 1020 2949 sic
1036 2894 1141 2966 captas
1159 2885 1239 2951 licite
1254 2896 1421 2966 asportare,
1445 2865 1587 2971 eiiuanc.
1609 2889 1759 2952 abducere
1776 2896 1805 2952 et
1822 2905 1914 2966 penes

88 3024 117 3070 se
137 3008 282 3081 munere,
303 3019 461 3086 quousque
481 3004 519 3068 de
540 3003 658 3068 redditu
679 3004 816 3083 predicto
838 3004 876 3068 de
896 3006 1038 3069 omnious
1058 3007 1222 3088 arreragiis
1242 3006 1393 3084 ciusdem,
1415 3009 1441 3070 si
1463 3023 1522 3086 que
1543 3005 1669 3085 netur,
1698 3009 1757 3074 sibi
1778 3009 1914 3088 ptenaric

88 3124 174 3190 inerit
197 3123 388 3189 semiactum
409 3131 438 3187 et
458 3122 655 3204 persoiutnm.
692 3122 815 3188 Necnon
837 3124 877 3187 do
898 3132 928 3187 ct
948 3123 1018 3207 tego
1040 3123 1153 3188 cundem
1175 3126 1283 3188 maiori
1305 3134 1336 3190 et
1355 3127 1562 3191 communitati
1584 3143 1620 3190 ac
1641 3129 1808 3190 mmerario
1830 3125 1914 3210 Goy-

92 3245 179 3310 hatde
199 3243 337 3324 predicte
353 3244 494 3320 ciuitatis,
516 3245 616 3306 omnia
637 3259 674 3316 ¹ao
696 3242 815 3326 singula
837 3243 986 3322 predicta,
1004 3252 1101 3316 terrm
1121 3252 1151 3306 et
1166 3252 1344 3323 tenemento,
1367 3261 1435 3309 curn
1458 3246 1605 3324 wharuis,
1627 3246 1777 3325 domibus,
1799 3252 1912 3312 mausi-

2 3440 3 3462 χ
88 3367 210 3442 onibus,
234 3364 352 3444 siropis,
376 3362 512 3440 cetariis,
533 3362 655 3426 soiariis
677 3371 707 3426 et
728 3363 797 3426 otiis
817 3367 881 3427 suis
903 3363 1019 3427 iuribus
1041 3371 1071 3426 et
1091 3365 1286 3444 pertinenciis
1307 3366 1470 3443 uniuersis,
1499 3382 1615 3429 necnon
1639 3383 1744 3432 omnes
1765 3375 1861 3432 status
1883 3374 1913 3431 ct

88 3486 231 3549 tenuinos
253 3499 330 3564 quos
351 3483 465 3559 habco,
493 3491 554 3546 mm
581 3483 612 3546 in
641 3483 785 3562 predictis
814 3483 989 3546 tenementis
1016 3499 1083 3546 cunt
1107 3483 1234 3548 wdaruo
1263 3492 1293 3548 ct
1319 3485 1388 3549 aliis
1409 3485 1471 3549 suis
1499 3487 1707 3566 pertinenciis,
1735 3503 1800 3566 que·
1814 3486 1913 3550 dictus

86 3605 239 3669 iohannes
260 3601 436 3684 Reyneweii
457 3605 502 3665 sic
524 3604 616 3666 tenuit
637 3601 676 3666 ad
698 3605 858 3665 terminum
881 3617 1028 3665 annorum
1049 3619 1087 3666 er
1108 3605 1303 3667 concessione
1323 3604 1511 3682 prefatorum
1533 3607 1745 3688 reiigiosorum
1766 3607 1910 3685 virorum,

86 3727 197 3803 prioris
221 3732 251 3788 ct
272 3731 435 3788 concentus
456 3720 583 3800 predicti
599 3722 779 3785 monasterii
800 3729 902 3786 sancte
923 3721 1092 3800 Trinitatis,
1114 3738 1205 3802 quam
1227 3725 1258 3786 in
1279 3723 1423 3803 predictis
1444 3729 1621 3789 tenementis
1641 3741 1710 3790 com
1733 3725 1862 3791 uriaruo
1884 3734 1913 3789 et

88 3849 146 3909 suis
167 3843 378 3925 pertinenciis,
400 3857 459 3920 que
481 3841 647 3906 anoedictus
667 3839 817 3906 iohannes
839 3841 1014 3923 Repneweii
1036 3843 1080 3906 sic
1102 3843 1195 3907 tenuit
1217 3845 1256 3906 ad
1279 3845 1439 3907 terminum
1461 3859 1627 3922 annorum,
1656 3863 1694 3908 er
1716 3847 1909 3910 concessione

87 3963 273 4042 prefatorum
303 3960 514 4044 religiosorum
543 3962 692 4038 uirorum,
727 3962 838 4040 prioris
868 3970 898 4024 et
925 3969 1088 4026 conuentus
1110 3959 1210 4028 Beotc
1233 3961 1340 4028 Morio
1363 3961 1401 4029 de
1424 3960 1685 4052 retemptare
1713 3964 1851 4030 habenda
1882 3973 1911 4029 et

2 4055 3 4062 ἵ
89 4084 214 4148 tenenda
241 4084 343 4145 omnia
371 4081 476 4146 cadem
504 4087 601 4144 terras
629 4089 659 4144 et
687 4088 871 4158 tenemento,
905 4097 973 4145 curn
1002 4082 1154 4161 wharuis,
1188 4083 1343 4161 domibus,
1379 4072 1602 4162 mansionibus,
1632 4085 1752 4165 scopis,
1781 4085 1912 4164 cetenis,

88 4203 207 4268 solariis
223 4209 254 4265 et
268 4201 337 4265 aiiis
353 4201 469 4265 iuribus
484 4207 514 4264 et
528 4203 721 4281 pertinenciis
737 4187 903 4278 antedictis,
921 4199 1047 4281 pretatis
1063 4205 1181 4280 maiori,
1199 4205 1406 4266 communitati
1425 4212 1454 4267 et
1469 4189 1636 4268 camerario
1649 4211 1678 4268 et
1688 4205 1913 4270 successoribus

88 4326 148 4388 suis
170 4324 411 4403 imperpetuum
442 4320 481 4384 de
507 4319 695 4402 capitatione
714 4319 845 4385 dominis
873 4318 953 4385 ieodi
978 4321 1060 4386 iliius
1089 4338 1144 4401 per
1172 4325 1298 4386 servicia
1328 4321 1398 4386 inde
1426 4322 1525 4387 debita
1555 4332 1583 4386 et
1612 4323 1649 4386 dc
1671 4325 1737 4388 iure
1757 4335 1912 4388 consueta.

88 4441 208 4506 Necnon
234 4448 265 4504 et
291 4439 535 4520 percipiendum,
565 4439 736 4504 habendum
758 4449 788 4504 et
809 4439 970 4504 monadum
997 4443 1099 4504 omnia
1125 4442 1259 4522 predicta
1286 4449 1382 4506 terras
1404 4450 1434 4506 et
1456 4451 1638 4520 tenemento,
1661 4459 1719 4522 que
1741 4443 1839 4508 dictus
1859 4444 1911 4507 io

2 4639 3 4644 ἵ
87 4561 200 4626 oannes
221 4559 396 4641 Reyneweii
418 4559 461 4636 sic
482 4562 577 4623 tenuit
598 4569 628 4624 et
648 4563 709 4624 iarn
733 4568 818 4624 teneo
840 4561 879 4624 ad
902 4561 1059 4624 terminum
1082 4576 1232 4624 annornm
1254 4561 1365 4625 eudem
1388 4564 1507 4639 moturi,
1530 4564 1737 4626 communitati
1759 4571 1789 4626 et
1810 4579 1910 4627 carne-

2 4675 3 4678 ’
88 4683 166 4744 nario
188 4688 219 4744 et
240 4679 465 4743 suecessoribus
487 4681 568 4757 suis,
598 4681 753 4760 usquead
776 4679 865 4743 tinem
887 4681 1022 4743 omnium
1044 4681 1256 4758 terminorum,
1279 4697 1355 4759 quos
1377 4679 1475 4744 habeo
1498 4689 1638 4744 venturos
1661 4683 1690 4743 in
1713 4681 1842 4761 eisdem,
1872 4682 1911 4745 ad

87 4799 153 4863 iude
173 4799 356 4875 iaciendum,
378 4795 579 4862 ordinandum
601 4807 630 4862 et
650 4799 892 4880 perimplendom
915 4803 945 4862 in
967 4799 1106 4864 omuibus
1127 4808 1157 4862 et
1178 4813 1235 4878 per
1256 4802 1367 4877 omnia,
1388 4815 1427 4863 ac
1448 4799 1539 4864 mmo
1561 4809 1591 4863 et
1612 4797 1718 4879 iorma,
1742 4811 1832 4882 prout
1853 4817 1910 4880 per

87 4919 269 4986 voluntatem
298 4919 393 5000 ipsius
414 4916 560 4982 iohannis
582 4917 754 5000 Reyneweii
784 4921 923 5000 superius
954 4918 1018 4982 fleri
1046 4935 1099 4996 seu
1122 4917 1198 4982 veiie
1225 4919 1411 4984 deciaratum
1440 4927 1485 4984 est
1510 4927 1539 4984 et
1568 4921 1791 5002 specificatum
1819 4931 1911 5002 prout

85 5041 180 5105 exitus
202 5048 233 5104 et
253 5001 389 5120 proficua
410 5037 575 5102 comunem
602 5045 751 5101 terrarum
777 5045 807 5106 ct
828 5044 1067 5101 tenementorum
1088 5054 1156 5101 cum
1179 5038 1330 5117 wieres,
1359 5039 1514 5118 domibus,
1544 5042 1766 5118 mansionibus,
1794 5041 1909 5123 sinopis,

87 5157 214 5237 solariis,
237 5157 357 5222 solariis
376 5158 421 5222 uel
443 5156 512 5222 aliis
534 5157 597 5221 suis
619 5155 733 5219 iuribus
757 5163 786 5219 et
806 5157 997 5236 pertinenciis
1020 5159 1247 5240 prenominatis,
1271 5159 1349 5222 ultra
1367 5159 1579 5241 repar-'aciones
1601 5169 1629 5224 et
1651 5161 1711 5224 aiia
1734 5178 1909 5243 quecunque

88 5294 178 5342 onera
200 5277 286 5356 indo,
313 5287 347 5344 ut
367 5277 535 5356 proiectu,
563 5283 756 5357 supportata,
785 5275 823 5339 ad
853 5275 911 5340 hoo
939 5275 1077 5342 sufficere
1098 5277 1227 5344 ualeant.
1272 5278 1351 5344 Voio
1371 5282 1510 5360 insuper,
1540 5280 1622 5359 quod
1652 5281 1778 5361 predicti
1806 5283 1909 5364 uiginti

89 5396 172 5463 soiidi
195 5399 286 5462 annui
302 5399 346 5462 sic
368 5397 480 5462 eisdem
502 5399 610 5462 maiori
632 5405 661 5460 et
676 5396 882 5462 communitati
902 5403 931 5459 et
947 5399 1172 5462 successoribus
1194 5399 1266 5475 suis,
1289 5397 1377 5476 (iicet
1398 5415 1522 5481 presens
1546 5399 1677 5482 legatum
1700 5399 1769 5466 iude
1789 5403 1906 5468 notium
