4702 6346
844 681 954 778 1321,
979 687 1096 756 lanum
1121 683 1180 755 ll.
1877 689 1933 770 19

87 969 284 1052 principales
305 970 456 1036 debitores
477 947 727 1050 non‘cxtiterint,
756 981 811 1032 nec
833 983 890 1050 pro
911 969 1014 1050 aliqua
1037 973 1278 1052 transgressione
1299 967 1379 1034 iactu
1401 985 1454 1034 seu
1477 967 1614 1034 iacienda
1637 988 1693 1052 per
1714 971 1807 1050 aiios,
1840 989 1932 1054 mam

87 1109 147 1169 per
169 1093 277 1170 ipsos,
306 1106 367 1154 nou
389 1095 558 1153 aresteutur
578 1103 633 1151 seu
654 1096 836 1168 gratantum
865 1096 894 1151 et
922 1089 1003 1167 quod
1026 1088 1105 1153 idem
1133 1105 1188 1151 rex
1210 1087 1255 1152 vel
1284 1085 1411 1153 heredes
1439 1090 1488 1152 sui
1516 1106 1610 1168 super
1634 1091 1718 1170 ipsos
1746 1099 1798 1154 aut
1826 1107 1933 1156 eorum

87 1209 171 1274 bona
196 1209 246 1272 rel
268 1209 464 1274 mercimonia
486 1215 654 1270 custumam
676 1221 787 1272 bosam
808 1205 974 1271 indebitam
1000 1223 1061 1270 nou
1090 1214 1251 1288 ponerent,
1286 1207 1379 1306 saluis
1407 1209 1504 1272 cidem
1532 1211 1596 1291 regi
1626 1218 1656 1273 et
1681 1207 1843 1274 heredibus
1869 1213 1934 1275 suis
2008 1193 2040 1214 ”
2070 1211 2074 1218 ’

87 1331 230 1408 antiquis
251 1330 344 1408 prisis
367 1329 448 1404 suis;
480 1333 511 1390 et
531 1325 612 1404 quod
633 1327 695 1404 ipsi
714 1341 771 1406 per
792 1333 889 1390 totum
911 1343 1039 1408 regnum
1062 1343 1151 1390 suum
1173 1327 1210 1390 de
1232 1327 1320 1391 bonis
1342 1336 1371 1390 et
1393 1329 1597 1392 mercimoniis
1624 1331 1689 1393 suis
1717 1329 1755 1394 de
1777 1332 1932 1413 pontngio,

88 1450 227 1530 patagio
249 1456 278 1510 et
300 1449 439 1528 mumgio
462 1448 686 1525 imperpetuum
708 1448 769 1508 siant
790 1447 895 1523 quieti.

251 1565 287 1629 lit
307 1563 467 1644 proterunt
489 1572 603 1627 canam
626 1565 722 1642 ipsius
742 1563 859 1628 domini
882 1567 963 1646 regis
985 1581 1083 1642 nnnc,
1122 1581 1181 1643 que
1203 1563 1356 1644 predictas
1383 1569 1595 1629 concessiones
1624 1573 1751 1630 testetur
1776 1569 1807 1630 iu
1834 1566 1934 1630 lurma

88 1683 254 1764 predicta;
275 1689 317 1749 ita
339 1691 457 1758 tamen,
485 1682 570 1762 quod
590 1681 744 1762 aliquem,
777 1682 889 1761 quide
910 1682 995 1766 gilda
1017 1687 1154 1764 ipsoumr
1177 1684 1246 1746 anie
1268 1683 1403 1764 predicte
1423 1700 1484 1748 non
1506 1688 1653 1763 extiterit,
1691 1701 1746 1748 nec
1768 1689 1833 1750 eius
1855 1688 1934 1750 bona

89 1821 142 1867 seu
165 1805 368 1867 mercimonia
390 1801 427 1865 de
449 1800 533 1882 gilda
555 1817 610 1866 sua
632 1817 698 1866 esse
719 1801 866 1866 advocent
887 1801 951 1865 ullo
973 1802 1075 1866 modo.
1118 1801 1156 1865 lit
1177 1802 1350 1883 superbiis
1371 1811 1555 1867 mercatores
1576 1804 1690 1880 dicunt,
1713 1804 1793 1886 quod
1818 1807 1875 1883 ipsi
1899 1804 1936 1866 li-

92 1924 233 1987 bertates
255 1921 422 2001 predictas,
455 1928 611 1984 contentae
633 1923 665 1983 in
686 1928 770 1984 carta
793 1920 909 1984 domiui
929 1919 1051 1985 ilenrici
1073 1924 1154 2003 regis
1176 1937 1233 2002 per
1254 1921 1343 1985 verba
1371 1922 1542 2004 generalia,
1576 1923 1709 1987 clamant
1730 1922 1935 2003 pereundam

91 2051 212 2106 canam
237 2050 267 2104 et
288 2047 403 2104 cartam
426 2039 671 2104 conbrmacionis
693 2039 813 2104 domini
831 2043 913 2122 regis
935 2057 1026 2105 nunc.
1042 2040 1076 2118 ¹)

251 2159 290 2224 lit
310 2160 349 2224 ad
371 2159 613 2223 declaracionem
629 2157 807 2222 libertatum
829 2159 950 2222 illarum
974 2159 1088 2237 dicunt,
1110 2159 1192 2239 quod
1214 2163 1272 2240 ipsi
1294 2160 1428 2224 clamant
1448 2161 1560 2242 eligere
1582 2159 1619 2224 de
1641 2163 1784 2226 societate
1805 2177 1860 2225 ena
1878 2162 1936 2226 sibi

92 2281 348 2356 aldremannum,
369 2288 400 2342 et
422 2282 522 2358 ipsum
545 2280 588 2340 sic
610 2267 739 2341 electum
760 2285 937 2356 presentare
958 2277 1066 2341 blaiori
1089 2286 1119 2342 et
1140 2278 1355 2342 aldremanuis
1378 2279 1636 2358 bondonensibus,
1660 2284 1712 2359 qni
1735 2296 1838 2343 coram
1860 2283 1938 2359 ipsis

90 2401 209 2464 Maiore
241 2406 270 2461 et
291 2395 504 2463 aldremannis
525 2395 775 2460 Londoneusibus
800 2405 1022 2461 sacramentum
1045 2396 1135 2460 lamet
1156 2397 1195 2461 ad
1218 2395 1388 2461 laciendum
1410 2405 1525 2461 rectum
1555 2405 1583 2461 et
1611 2401 1761 2463 iusticiam
1788 2402 1938 2462 universis

95 2528 122 2583 et
144 2517 281 2601 singulis
304 2517 478 2579 bominibus
499 2514 537 2578 de
558 2514 654 2577 hansa
676 2518 830 2578 societatis
852 2512 1058 2594 predictorum
1082 2524 1283 2579 mercatorum
1307 2516 1344 2579 de
1368 2514 1557 2579 Alamannia.
1601 2515 1663 2598 Qui
1685 2515 1805 2596 quidem
1830 2497 1936 2580 llore-

94 2653 227 2702 maunus
250 2635 328 2700 dicte
350 2636 502 2700 societatis
524 2637 640 2698 curiam
663 2649 750 2698 suam
772 2634 885 2698 tenebit
907 2637 938 2697 in
961 2633 1069 2712 domo,
1104 2651 1161 2714 que
1185 2642 1312 2698 vocatur
1333 2632 1423 2710 Gilda
1444 2633 1523 2700 Aula
1545 2633 1833 2714 Aldermanmmm,
1846 2637 1884 2716 ⁹)
1906 2639 1937 2698 in

94 2759 213 2820 civitate
237 2754 390 2836 predicta,
421 2754 458 2817 de
488 2753 628 2816 omnibus
650 2753 770 2831 placitis
792 2753 1039 2830 convencionum,
1062 2752 1232 2817 debitorum
1255 2762 1284 2816 et
1305 2761 1529 2832 contractuum,
1556 2770 1615 2832 que
1642 2755 1754 2818 moveri
1778 2756 1938 2837 contigerit

94 2877 172 2939 inter
189 2881 379 2937 mercatores
395 2871 433 2936 de
447 2869 544 2935 baus'a
561 2870 708 2950 predicta.
752 2866 789 2934 m
811 2871 921 2950 siquis
944 2871 981 2933 de
999 2870 1105 2934 eadem
1127 2871 1223 2934 banse
1245 2888 1302 2950 per
1323 2871 1455 2950 aliquem
1478 2870 1682 2950 implacitetur
1703 2888 1806 2936 coram
1825 2871 1939 2936 Maiore

95 3011 146 3082 seu
168 2992 411 3059 vicecomitibus
431 2988 681 3054 bonianensbns
701 2989 739 3054 de
760 2989 865 3069 aliquo
886 2990 1000 3068 placito
1022 2991 1243 3067 contencionis,
1267 2989 1360 3053 debiti
1381 3007 1435 3054 seu
1457 2998 1632 3054 contractus
1653 2991 1833 3071 personalis,
1856 2991 1937 3083 quod

96 3115 173 3178 idem
190 3110 418 3176 Aldremannus
439 3107 477 3172 de
493 3109 636 3172 societate
656 3108 791 3188 predicta
808 3116 888 3189 petet
908 3108 979 3172 lude
993 3110 1108 3172 curiam
1130 3125 1228 3186 suam,
1251 3117 1281 3172 et
1296 3125 1332 3172 ea
1354 3109 1510 3189 optinebit,
1533 3116 1563 3172 et
1585 3108 1654 3174 inde
1676 3105 1770 3172 iaciat
1788 3109 1938 3176 iusticiam

97 3235 125 3296 in
146 3232 224 3296 aula
245 3229 482 3294 Alamannorum
504 3227 654 3306 prodicta.
1380 3281 1384 3288 .

104 3425 109 3436 ¹
252 3349 290 3414 Et
318 3347 415 3429 quod,
443 3348 718 3426 quocienscumque
747 3347 858 3426 aliquis
885 3347 923 3410 de
951 3347 1046 3411 banea
1075 3346 1215 3427 predicte·
1241 3345 1342 3424 aliqua
1370 3347 1449 3409 bona
1479 3345 1524 3408 vel
1554 3349 1750 3410 mercimonia
1778 3347 1817 3411 de
1845 3364 1938 3429 regno

99 3471 278 3536 alemannie
299 3486 356 3549 per
375 3483 486 3547 aquam
508 3466 555 3530 rel
576 3473 689 3530 terram
711 3466 744 3528 in
761 3465 910 3528 ciuitatem
933 3465 1100 3544 predicmm
1118 3465 1237 3530 duxerit
1254 3481 1306 3530 seu
1329 3464 1541 3544 deportaverit,
1564 3468 1683 3544 quietus
1704 3483 1771 3530 esse
1793 3466 1881 3531 debet
1901 3465 1939 3530 de

101 3597 240 3655 costuma
262 3587 365 3654 danda
384 3603 442 3668 pro
463 3585 578 3650 dadum
604 3585 691 3648 bonis
713 3588 744 3646 in
772 3587 872 3664 prima
894 3587 1065 3662 empcione,
1095 3583 1311 3662 deportacione
1334 3592 1364 3646 et
1384 3583 1572 3648 walbodone
1593 3584 1765 3648 buiusmodi
1788 3601 1888 3648 renum
1911 3595 1941 3649 et

100 3711 283 3774 cataborum
305 3711 336 3772 in
359 3710 508 3770 rubeum
529 3703 709 3785 predictam.
748 3701 789 3766 Et
806 3712 875 3766 eum
898 3703 1090 3766 umdiciones
1103 3703 1150 3767 de
1169 3703 1260 3766 rebus
1281 3705 1345 3766 suis
1361 3702 1534 3767 huiusmodi
1556 3703 1693 3782 iecerint,
1716 3721 1771 3768 seu
1792 3721 1841 3769 res
1863 3706 1941 3770 alias

103 3839 151 3894 aut
173 3830 375 3893 mercimonia
405 3830 436 3888 in
458 3827 577 3888 cidmte
603 3823 741 3904 predicta
761 3823 800 3886 ab
822 3821 891 3886 aliis
919 3825 1048 3885 emerint
1076 3831 1106 3885 et
1127 3820 1243 3886 debitas
1270 3831 1423 3886 cusmmas
1446 3822 1515 3886 lude
1537 3801 1691 3900 solverint
1714 3823 1804 3887 liceat
1825 3827 1869 3886 eis
1893 3841 1940 3888 res

103 3949 168 4012 illas
191 3956 223 4011 et
245 3944 418 4009 huiusmodi
439 3946 636 4006 mercimonia
658 3943 769 4006 ducere
790 3957 852 4020 quo
874 3941 1038 4017 voluerint3
1068 3939 1140 4004 dum
1163 3948 1262 4004 tamen
1284 3958 1321 4004 ea
1344 3957 1404 4003 non
1426 3941 1539 4004 ducant
1560 3945 1689 4006 inimicis
1712 3941 1826 4006 domini
1849 3947 1940 4026 regis,

103 4085 153 4131 nec
176 4085 214 4130 ea
237 4063 411 4130 huiusmodi
432 4065 562 4128 inimicis
584 4061 700 4147 domiui
722 4064 805 4144 regis
828 4061 995 4124 condicioni
1017 4067 1180 4138 exponant.
1196 4059 1231 4137 ³)
1275 4057 1312 4121 Et
1334 4059 1456 4138 dicunt,
1477 4060 1559 4139 qood
1580 4065 1639 4141 ipsi
1661 4069 1691 4124 et
1713 4061 1765 4126 alii
1788 4063 1941 4141 quondam

103 4195 287 4250 mercatores
313 4183 351 4245 de
379 4185 521 4246 socictate
543 4179 678 4261 predicta
700 4154 814 4244 eisdem
832 4179 1026 4267 ‚libertatibus
1055 4179 1241 4258 temporibus
1263 4177 1469 4259 predictorum
1491 4181 1684 4244 dominorum
1706 4179 1827 4245 ilenrici
1850 4187 1941 4264 regis,

104 4311 159 4382 ani,
182 4314 213 4369 ct
230 4301 374 4368 Edwardi
397 4304 488 4384 regis,
511 4303 607 4379 patris
623 4297 736 4362 domini
755 4303 838 4382 regis
853 4300 941 4376 nunc,
965 4307 994 4362 et
1010 4302 1100 4361 etiam
1123 4268 1310 4377 temporibus
1331 4296 1446 4361 domini
1462 4303 1544 4380 regis
1567 4316 1646 4363 nunc
1668 4308 1697 4362 ct
1712 4305 1941 4382 progenitorum

105 4439 240 4499 suornm,
263 4420 416 4501 qnondam
433 4433 539 4501 regum
557 4417 674 4501 ungite,
697 4422 745 4481 usi
766 4427 836 4482 sunt
857 4425 1039 4499 atempnre,
1062 4419 1148 4481 cuiue
1164 4419 1309 4479 memoria
1328 4432 1387 4480 nou
1404 4420 1515 4480 existit.
1547 4415 1586 4479 ot
1601 4433 1638 4482 eo
1654 4427 1793 4482 waranto
1810 4419 1943 4482 clamant

104 4545 159 4623 ipsi
181 4543 337 4606 libertates
358 4540 510 4622 predictas
532 4547 590 4602 etc.

258 4659 295 4723 Et
316 4656 473 4724 Gallridus
495 4658 524 4721 lc
546 4654 659 4737 Scrop,
690 4660 742 4737 qui
764 4661 901 4734 sequitur
922 4671 979 4735 pro
1001 4654 1124 4718 domino
1147 4671 1234 4737 rege,
1262 4655 1349 4732 dicit,
1379 4655 1460 4733 quod
1483 4656 1655 4719 huiusmodi
1678 4656 1819 4738 libertas,
1850 4673 1942 4736 quam

107 4781 175 4846 dicti
204 4787 388 4845 mercatores
415 4778 453 4840 de
474 4775 654 4840 Alamannia
684 4774 721 4840 de
743 4773 949 4838 llldremanno
976 4774 1014 4838 de
1043 4777 1186 4838 societate
1216 4789 1270 4836 sua
1298 4771 1434 4853 predicta
1463 4774 1601 4857 eligendo
1629 4782 1659 4836 ct
1686 4773 1723 4837 de
1750 4779 1816 4853 ipso
1848 4776 1942 4838 electo

108 4899 309 4978 presentaudo
331 4897 440 4962 Maiori
462 4908 490 4960 et
511 4893 724 4961 aldremannis
747 4897 875 4976 civitatis
897 4893 1103 4960 londonensis
1132 4900 1161 4956 et
1183 4893 1220 4958 de
1242 4895 1328 4959 curia
1355 4895 1385 4956 iu
1408 4891 1498 4956 Gilda
1521 4892 1599 4958 bula
1628 4911 1682 4958 sua
1705 4895 1941 4958 alemannorum

109 5083 409 5099 ..μ-..-

265 5220 289 5285 ¹)
318 5217 377 5272 Alie
396 5221 485 5272 bisber
499 5217 683 5283 antaelbbrten
696 5216 795 5270 liecbte
815 5217 874 5267 sind
894 5218 919 5267 ln
940 5217 1000 5267 dem
1016 5217 1159 5280 gedacbten
1174 5213 1310 5280 Pririleqlo
1327 5227 1388 5268 rom
1401 5215 1484 5268 lubre
1497 5207 1561 5269 itti
1579 5207 1723 5269 cntbalten.
1828 5219 1853 5283 ²)
1881 5219 1945 5271 liier

112 5305 236 5358 sublices
253 5305 379 5356 boumn
405 5303 628 5366 Alamannorum,
645 5305 693 5355 oia
713 5305 778 5354 amb
792 5303 889 5365 ¹sptter
905 5301 997 5378 *Μία
1015 5301 1186 5364 qusebrlobut
1204 5303 1250 5352 iat.
1268 5315 1270 5322 ·
1406 5299 1435 5367 ³)
1450 5297 1488 5352 ’8.
1507 5295 1558 5352 dne
1572 5301 1742 5364 multoniam
1761 5303 1808 5354 dos
1826 5303 1944 5368 lidniqes

111 5388 260 5444 binam
278 5401 338 5442 rom
356 5390 438 5442 labro
455 5387 531 5443 taus
594 5443 599 5454 ,
1482 5413 1484 5420 ·
1555 5413 1558 5420 ·
1711 5398 1712 5406 ’

1728 5521 1764 5575 31
