4716 6330
424 578 481 660 74
898 629 901 634 .
1158 569 1265 666 toto,
1292 572 1436 648 Febrntr
1461 571 1521 646 22.

424 877 472 926 me
494 869 525 926 et
546 859 709 928 heredibus
730 861 805 924 meis
826 860 859 924 in
880 865 1060 940 perpetuom
1081 855 1216 936 qnionm
1237 858 1386 924 clamasse
1407 856 1569 936 iisdnipbo
1592 855 1720 934 ttctcter,
1743 856 1841 933 militi,
1862 857 1988 920 domino
2009 855 2048 920 de
2065 854 2204 938 Sodeiey,
2222 867 2247 922 ct

422 979 554 1044 tobunot
576 977 688 1056 idende,
710 979 832 1055 iuniori,
854 978 1018 1059 armigero,
1056 995 1068 1059 p
1104 973 1266 1042 heredibus
1286 985 1316 1040 et
1337 976 1499 1058 assignetis
1514 975 1578 1040 suis
1593 977 1623 1039 in
1638 983 1816 1054 perpetuum
1833 983 1927 1040 totum
1942 979 1990 1040 ins
2002 989 2115 1053 mcum,
2137 984 2246 1053 netum,

426 1098 554 1174 titutum,
575 1096 726 1161 clamenm
748 1104 778 1160 et
798 1095 990 1173 demandam,
1012 1109 1225 1174 nonunquam
1247 1093 1353 1170 hebui,
1387 1093 1485 1160 babeo
1506 1109 1560 1158 sen
1582 1093 1783 1172 ononismodo
1804 1095 1836 1158 in
1858 1091 1994 1160 brtnrom
2016 1093 2131 1158 bebere
2152 1101 2247 1172 potero
2346 1181 2347 1184 Ἴ

424 1214 461 1279 de
483 1222 512 1278 et
534 1217 564 1277 in
586 1220 649 1278 toto
671 1214 725 1279 iiio
748 1221 918 1278 tenemento
940 1229 1009 1278 cum
1032 1213 1112 1294 tayo
1141 1213 1297 1278 adiacente
1322 1211 1413 1278 simul
1442 1227 1511 1276 cum
1539 1212 1681 1276 omnibns
1708 1211 1988 1287 commoditatibus,
2023 1213 2247 1276 obiumentiset
2346 1299 2347 1304 ἵ

423 1333 531 1398 ceteris
553 1333 616 1396 sois
638 1333 828 1414 pertinentiis
851 1348 887 1395 ac
912 1331 1029 1396 iuribus
1050 1331 1291 1410 quibuscunque
1312 1331 1456 1411 predictis
1482 1337 1649 1394 tenemento
1677 1337 1707 1393 et
1733 1331 1814 1411 beyn
1835 1330 2097 1409 qoutitercnmqne
2122 1337 2247 1410 specnn

423 1451 522 1530 tibus,
555 1451 680 1515 situatis·
702 1452 733 1514 in
763 1450 879 1513 venelia
902 1455 1008 1514 vocate
1028 1447 1294 1530 Wyndegoseiaoc
1323 1452 1355 1510 in
1381 1447 1526 1528 parocbia
1549 1446 1694 1512 Omnium
1717 1445 1897 1514 Sanctorum
1926 1448 1964 1511 ad
1995 1448 2100 1512 fenum
2122 1447 2246 1512 London.

422 1571 538 1636 scilicet
559 1573 638 1638 inter
659 1577 862 1638 tenementum
884 1583 981 1651 nuper
1001 1566 1205 1635 Bartbotomei
1226 1566 1387 1651 Fresttyng
1407 1585 1445 1632 ex
1467 1575 1554 1646 perte
1575 1565 1733 1642 oriented,
1767 1573 1796 1630 et
1824 1567 1954 1648 tryum,
1984 1575 2125 1632 vocatum
2148 1563 2248 1634 Esto·
2348 1629 2349 1662 ,

425 1685 627 1776 lyncesboldc
649 1705 686 1751 ex
708 1694 793 1772 parte
815 1686 1003 1764 occidentali,
1026 1704 1062 1755 nc
1084 1701 1193 1766 aquom
1216 1685 1370 1750 Tbsmisie
1392 1701 1430 1750 ex
1451 1693 1538 1764 porte
1559 1684 1697 1764 nostrati,
1720 1694 1750 1750 et
1771 1692 1973 1753 tenementum
1995 1701 2095 1764 onper
2109 1683 2247 1766 Redntpbi
2348 1663 2349 1680 ¹

423 1805 596 1888 Biakeneye
618 1823 654 1870 ex
675 1813 763 1884 parte
784 1805 965 1885 aquilonari.
1009 1803 1101 1886 Quod
1127 1803 1248 1881 quidem
1276 1811 1477 1868 tenementum
1507 1802 1712 1884 supradictum
1740 1820 1809 1869 cnm
1837 1804 1920 1885 bnyo
1950 1787 2109 1868 adiacente
2137 1803 2247 1866 statiis

424 1925 696 2006 snispertincotiis
718 1921 876 1988 antedictis
897 1921 1025 2004 predicti
1047 1921 1226 2003 Roduipbos
1248 1919 1367 1985 Boteier
1388 1929 1418 1984 et
1439 1921 1593 1986 iohannes
1615 1921 1718 1986 Hende
1741 1921 1851 1986 babent
1872 1921 1946 1998 sibi,
1976 1920 2139 1985 bercdibos
2159 1929 2190 1982 ct
2207 1937 2247 1983 ss·

423 2045 550 2127 signetis
571 2045 635 2108 snis
657 2060 696 2108 ex
715 2041 893 2108 dimissione
914 2051 944 2106 et
964 2041 1156 2106 incitamento
1177 2039 1325 2106 Wiiietmi
1347 2037 1515 2121 tinewyt,
1543 2042 1743 2121 permissione
1763 2039 1865 2106 dininu
1888 2038 2096 2106 Linnoioensis
2116 2038 2249 2119 episcopi,

422 2161 570 2228 totnonis
591 2161 688 2245 Fray,
718 2160 860 2244 capitatis
881 2163 1006 2226 baronis
1027 2161 1172 2226 scaccarii
1194 2159 1309 2224 domini
1331 2160 1432 2242 regis,
1452 2167 1483 2222 et
1501 2158 1618 2224 Tbome
1639 2158 1818 2224 iiotiueweit.
1862 2159 1904 2222 tta
1927 2159 2082 2236 uidetieet‚
2104 2159 2184 2238 qnod
2204 2176 2249 2224 nec

424 2295 494 2364 ego,
516 2280 652 2360 predicta
673 2280 824 2358 iubenes,
848 2297 902 2345 nec
924 2279 1052 2344 beredes
1073 2279 1149 2355 mci,
1183 2295 1237 2342 nec
1259 2278 1370 2356 ationis
1392 2276 1471 2342 atius
1493 2279 1677 2356 prenobis,
1712 2295 1767 2342 scu
1788 2281 1911 2342 nonine
1931 2287 2036 2342 nostro
2057 2278 2181 2359 atinood
2200 2281 2248 2352 ios,
2340 2275 2345 2363 ζ

424 2407 548 2478 statum,
570 2399 702 2478 titutum,
725 2400 874 2464 ctomeum
898 2414 951 2463 sen
974 2397 1154 2463 mmnndnm
1178 2401 1209 2460 io
1231 2395 1385 2476 predictis,
1408 2405 1577 2462 tenemento
1599 2413 1668 2462 corn
1691 2398 1772 2478 tayo
1792 2398 1963 2476 adiacente,
1992 2398 2083 2462 dmni
2106 2413 2173 2462 com
2193 2411 2248 2460 om

424 2518 513 2582 nibus
535 2518 818 2596 commoditatibus,
852 2517 1037 2581 aisitmentis
1059 2524 1090 2582 st
1110 2517 1219 2580 ceteris
1239 2517 1304 2580 suis
1325 2517 1513 2596 pertinentiis
1539 2533 1576 2580 ac
1604 2516 1720 2581 iuribus
1746 2518 1894 2582 rninersis
1922 2516 2125 2596 supradictis,
2157 2527 2205 2580 aut
2222 2517 2248 2578 in

424 2637 529 2714 atique
550 2633 620 2699 inde
642 2635 777 2716 parcetis
799 2636 838 2700 dc
859 2643 959 2700 cetero
981 2639 1119 2716 exigere,
1152 2636 1285 2700 ciamare
1313 2649 1366 2698 sen
1389 2633 1547 2698 vendicare
1577 2636 1743 2715 poterimus
1764 2651 1819 2700 sen
1839 2637 1951 2714 poterit
1972 2637 2003 2700 in
2025 2634 2175 2712 turoam,
2204 2633 2248 2698 sed
2344 2649 2345 2670 ¹

425 2754 464 2818 ab
485 2756 570 2818 omni
591 2757 724 2832 actione,
758 2755 840 2832 iore,
863 2754 965 2830 tituto,
999 2753 1116 2818 clemen
1138 2761 1168 2818 et
1189 2751 1338 2818 minanda
1360 2753 1430 2816 inde
1451 2753 1590 2832 petendis
1611 2753 1743 2818 tntniiter
1764 2757 1859 2818 simos
1880 2754 1997 2819 exciusi
2018 2756 2048 2818 itt
2071 2763 2248 2837 perpetuom.
2344 2832 2345 2842 ἵ

423 2871 489 2956 Ego
510 2888 592 2950 reto,
615 2872 750 2953 predicte
772 2871 930 2949 dobannn,
964 2879 994 2936 et
1016 2871 1142 2936 heredes
1164 2872 1223 2937 mei
1247 2871 1416 2953 predictum
1443 2879 1645 2936 tenementum
1674 2888 1742 2936 cnm
1765 2873 1846 2953 bopo
1874 2871 2046 2950 adiacente,
2079 2873 2170 2938 simoi
2189 2887 2247 2936 cum
2341 2926 2344 2937 .

424 2989 564 3055 omnibns
586 2989 860 3068 commoditatibus,
884 2990 1069 3054 aisiamentis
1087 2997 1116 3054 et
1137 2993 1245 3054 ceteris
1260 2991 1447 3070 pertinentiis
1466 3007 1502 3053 oc
1519 2991 1636 3055 iuribus
1658 2992 1816 3068 vniuersis,
1839 2998 1869 3053 ut
1887 2990 2097 3072 supradicto·
2117 3002 2171 3068 est,
2190 3007 2248 3071 pre
2341 3024 2345 3077 ;

424 3106 494 3172 iotis
514 3107 678 3186 Radulpbo
699 3107 820 3172 boteler
840 3116 869 3172 et
890 3107 1022 3174 dobnuni
1043 3106 1161 3186 tiendo,
1191 3107 1353 3174 heredibus
1375 3115 1403 3171 et
1424 3109 1587 3190 assignetis
1609 3109 1674 3174 suis
1695 3115 1802 3172 contre
1824 3124 1929 3174 orooes
1951 3118 2056 3192 gentes
2078 3112 2248 3175 werenber-

423 3228 522 3290 bimus
544 3227 575 3290 in
597 3235 776 3308 perpetuum
798 3243 854 3308 per
876 3235 1040 3307 presentes·
1086 3227 1118 3290 in
1140 3227 1226 3290 cuins
1248 3228 1293 3290 rei
1315 3227 1517 3292 testimonium
1540 3227 1609 3292 bnic
1630 3229 1764 3308 presenti
1785 3228 1898 3308 scripto
1920 3243 1989 3292 meo
2010 3228 2145 3313 sigilium
2162 3244 2248 3292 meum

423 3345 564 3426 apposni.
609 3344 717 3409 Datum
741 3346 882 3410 vicesimo
905 3347 1004 3426 primo
1026 3345 1075 3410 die
1097 3347 1208 3410 mensis
1223 3344 1406 3422 Decembris,
1429 3359 1510 3409 anno
1532 3350 1617 3428 regni
1640 3346 1719 3430 regis
1731 3345 1851 3410 tierrici
1874 3347 1950 3410 sexti
1974 3355 2044 3425 post
2060 3353 2246 3427 conquestum

424 3463 532 3548 Angiie
553 3463 697 3528 vicesimo
719 3472 817 3528 sexto.

576 3577 620 3648 In
642 3579 763 3650 dorso:
790 3581 886 3647 Vacat
907 3600 945 3646 er
966 3583 1161 3648 abundantia.

466 3867 604 3958 xctt.
655 3875 771 3980 rans
791 3873 859 3978 sn
889 3876 952 3958 en
982 3876 1217 3981 incarneo
1247 3874 1324 3979 aas
1348 3877 1435 3958 cem
1466 3823 1682 3980 sennenn.
1744 3877 1859 3981 tneo,
1891 3879 2066 3963 renna
2088 3882 2156 3964 22.
2177 3881 2208 3983 ¹)

574 4055 620 4120 iot
642 4059 688 4122 ier
711 4073 798 4122 vnses
819 4055 900 4122 itero
922 4057 1112 4124 bttutcttttx
1134 4075 1172 4138 tp
1193 4055 1227 4123 S.
1244 4057 1323 4129 Petri
1337 4056 1373 4134 α)
1402 4055 1479 4122 daco
1501 4061 1533 4124 in
1555 4057 1712 4124 Februarii
1733 4070 1814 4126 wnrt
1835 4061 2114 4151 ouereingcdragen
2137 4065 2167 4128 bi
2185 4061 2245 4126 den

422 4177 573 4256 troptnen,
606 4174 658 4238 dat
684 4191 753 4240 men
783 4191 873 4244 rosen
900 4183 1020 4258 porters
1049 4195 1106 4242 vno
1128 4176 1227 4242 etitem
1256 4176 1361 4251 stote,
1394 4175 1447 4239 dat
1475 4193 1507 4240 se
1534 4178 1677 4242 nrbeideo
1705 4180 1735 4242 in
1757 4179 1827 4242 dem
1850 4177 1998 4246 stellione
2026 4181 2088 4247 nite
2111 4185 2198 4247 buten
2217 4179 2248 4242 dc

422 4291 548 4378 teogede
570 4291 622 4374 des
645 4293 750 4372 boues,
774 4293 892 4358 beteleo
915 4292 1000 4358 scbni
1023 4301 1077 4358 ior
1098 4311 1168 4359 cren
1192 4295 1299 4370 arbeit,
1323 4293 1386 4356 nise
1408 4294 1496 4358 biron
1518 4295 1705 4378 gescbrenen
1728 4299 1807 4360 steit.
1963 4285 1967 4292 ’

420 4411 495 4478 item
518 4409 536 4476 l
556 4412 615 4478 lest
635 4413 731 4476 asten
747 4458 1118 4476 ..................
1163 4413 1287 4478 Viden.
1392 4414 1466 4477 item
1488 4411 1583 4479 ltast
1604 4414 1696 4480 smoit
1716 4413 1775 4478 etta
1796 4423 1864 4480 tran
1885 4449 1936 4479 ...-
1951 4465 2088 4481 .......
2132 4417 2172 4483 Ἦ
2189 4416 2248 4480 den.

422 4530 494 4597 item
520 4529 614 4594 liast
637 4529 718 4596 thers
726 4577 1118 4595 ...................
1163 4531 1255 4614 ut,
1339 4532 1342 4628 i
1393 4531 1466 4596 ttem
1490 4530 1505 4594 l
1527 4532 1586 4598 inst
1607 4534 1693 4617 cipes
1699 4581 2093 4601 ...................
2136 4536 2175 4600 Vi
2204 4577 2221 4612 „

422 4650 495 4714 item
518 4647 614 4716 linet
635 4650 747 4731 pectes
766 4697 1117 4714 .................
1163 4650 1203 4714 ut
1236 4693 1255 4732 „
1340 4629 1344 4722 i
1395 4651 1468 4716 item
1491 4651 1507 4714 l
1528 4652 1587 4716 test
1608 4651 1748 4735 berioges
1762 4702 1767 4714 .
1782 4701 1789 4716 .
1804 4701 1812 4716 .
1826 4703 1847 4716 .,
1848 4702 2090 4718 ............
2135 4654 2219 4734 nt,

421 4769 495 4834 item
517 4765 536 4831 l
556 4769 615 4832 inst
637 4785 729 4848 sepcn
748 4813 1120 4848 ..................
1165 4767 1256 4852 Vl„
1394 4771 1467 4833 item
1491 4768 1508 4832 1
1528 4771 1586 4834 inst
1607 4779 1686 4836 stors
1700 4819 2089 4836 ...................
2135 4771 2220 4854 tt,

420 4886 493 4952 item
516 4884 610 4955 ltast
637 4888 818 4954 osemtmdes
837 4934 1122 4950 ..............
1165 4887 1258 4969 vt,
1316 4879 1318 4888 '
1394 4888 1469 4954 item
1491 4886 1509 4954 l
1528 4889 1587 4956 test
1608 4891 1712 4956 domes
1720 4937 2090 4958 ..................
2134 4891 2220 4970 ut,

576 5261 600 5321 ¹)
625 5259 684 5314 Ans
703 5261 764 5312 dem
782 5259 948 5325 nennscnpt
967 5262 1012 5314 der
1031 5261 1344 5320 comment-bibliensi
1362 5279 1393 5319 nn
1413 5265 1556 5325 tiembnrn.
1575 5267 1631 5318 Fot-
1645 5263 1685 5320 to.
1893 5267 1919 5334 ¹)
1946 5269 1987 5331 Vp
2007 5271 2058 5324 den
2077 5270 2156 5331 buter.
2188 5261 2239 5320 tts·
