4834 6338
489 655 574 738 150
1079 670 1088 685 ⁶
1228 651 1337 748 nere,
1363 661 1486 748 ungue
1511 651 1570 724 11.

491 949 610 1024 gereni,
638 942 783 1022 extirpari
804 947 834 1003 et
854 940 980 1017 aboleri,
1003 941 1033 1002 in
1054 939 1295 1005 satutacntcnem
1317 949 1346 1004 et
1366 941 1681 1046 recompensacionem
1702 938 1906 1018 dampnorum
1925 937 2048 1004 iliorum
2070 946 2177 1018 quarto
2195 939 2289 1006 deduc

490 1061 541 1124 die
562 1061 733 1125 Decembris
754 1059 858 1124 viimo
887 1061 1032 1139 preterito
1058 1060 1095 1124 de
1124 1064 1230 1142 gracie
1257 1068 1361 1125 nostre
1388 1059 1514 1139 speciali
1543 1071 1600 1138 per
1626 1058 1682 1124 bas
1710 1066 1831 1124 nusum
1857 1059 2250 1138 pateutu.:concamerinu
2270 1072 2291 1124 et

491 1180 646 1243 theudam
667 1178 840 1244 dederimus
862 1180 1081 1244 mercatoribus
1102 1179 1202 1243 Hense
1222 1179 1418 1256 'ibeutnuioe
1445 1178 1456 1262 ii
1483 1179 1535 1258 qui
1556 1177 1670 1261 gildam
1691 1177 1793 1246 aulum
1815 1178 1982 1259 predictam
2003 1178 2034 1240 in
2057 1177 2176 1242 ciuitate
2191 1175 2291 1243 hendor

489 1297 624 1379 predicta
647 1297 758 1362 habent
778 1298 826 1362 rel
848 1297 1002 1364 habebunt
1026 1297 1109 1380 (dos
1133 1295 1298 1386 Foiqende
1320 1297 1405 1364 aiche
1427 1296 1463 1364 in
1485 1295 1557 1364 dent
1577 1293 1792 1384 nnqesiibrtrrt
1807 1293 1976 1384 Rescripta
1997 1295 2079 1363 oben
2096 1293 2291 1362 dcciiii

488 1414 560 1498 iia)
581 1415 673 1482 iuetii
691 1419 730 1482 de
750 1417 857 1482 eadem
878 1418 979 1501 gilda:
1011 1427 1105 1497 prout
1124 1419 1156 1482 in
1177 1415 1237 1482 biis
1258 1420 1370 1482 nostris
1390 1417 1675 1499 predictispienius
1696 1419 1882 1493 continetur,
1912 1417 1998 1480 robis
2018 1415 2208 1490 mendam,
2230 1418 2292 1494 quod

488 1545 673 1602 mercatores
698 1537 851 1617 predictos
877 1539 979 1602 omnia
1007 1536 1232 1602 etomnimoda
1260 1537 1466 1602 mercandises
1493 1546 1523 1600 et
1551 1537 1829 1602 mercimoniam
1855 1537 2039 1600 coniunctim
2068 1543 2102 1598 et
2120 1536 2294 1615 separebm

489 1659 729 1738 quibuscumque
750 1657 887 1738 pertibus
902 1657 1018 1728 ¹euteris
1039 1658 1070 1718 in
1092 1673 1218 1740 reguum
1240 1664 1376 1720 nostrum
1398 1656 1567 1736 predictum
1595 1659 1627 1719 in
1649 1654 1748 1720 ierma
1768 1654 1905 1734 predicta
1926 1653 2079 1719 adducere
2100 1663 2130 1718 et
2149 1653 2248 1718 ibidem
2265 1653 2294 1716 ad

491 1785 603 1841 terram
625 1789 740 1856 ponere
761 1783 791 1840 et
811 1775 872 1840 alia
893 1775 1098 1842 mercandisas
1119 1784 1149 1838 et
1169 1776 1364 1840 mercimonia
1386 1790 1442 1838 sua
1464 1783 1494 1838 et
1515 1785 1620 1840 eorum
1642 1774 1801 1839 cuiusiibet
1821 1783 1851 1838 et
1871 1773 2091 1853 quorumtibet,
2119 1772 2295 1836 mercandum

491 1897 612 1978 stapuie
637 1911 698 1960 non
727 1897 900 1971 existentes,
934 1897 1080 1975 inportu
1109 1894 1245 1975 predicto
1275 1899 1304 1956 in
1334 1895 1572 1974 quibuscumque
1604 1893 1733 1958 uauibtu
1765 1892 1812 1956 rei
1838 1894 1918 1958 rasis
1944 1907 2076 1970 ponere,
2109 1893 2295 1970 estippurse

491 2017 530 2081 ad
562 2024 665 2096 partes
704 2023 823 2080 exteras
856 2013 1013 2078 traducere
1051 2016 1243 2094 permittatis.
1296 2012 1435 2094 Quorum
1467 2015 1601 2078 omnium
1633 2011 1893 2078 mercandisarum
1924 2013 1967 2076 sie
1999 2011 2237 2076 adducendamm
2262 2011 2293 2072 rei

491 2135 714 2200 educendurnm
742 2141 878 2197 cuatume
909 2139 939 2196 et
959 2132 1093 2198 subsidia
1122 2134 1204 2198 iuxta
1232 2141 1329 2196 ratam
1359 2141 1389 2196 et
1417 2133 1614 2212 quantitatem
1643 2130 1795 2212 predictus
1816 2139 1846 2196 et
1865 2145 1927 2196 non
1950 2131 2027 2196 ritca
2049 2147 2108 2210 pro
2129 2133 2260 2194 custumis
2276 2139 2294 2192 et
2361 2159 2362 2178 2

492 2251 635 2318 subsidiis
662 2250 920 2316 mercandisumm
950 2266 1074 2316 suarum
1108 2252 1147 2315 ad
1174 2252 1285 2316 dictent
1311 2267 1461 2316 summam
1487 2251 1591 2315 decem
1624 2251 1753 2318 millium
1781 2251 1928 2316 librarum
1955 2252 1987 2314 iu
2016 2257 2080 2314 toto
2108 2268 2142 2314 se
2168 2254 2293 2331 attingent,

491 2375 634 2454 ipsosque
661 2380 844 2435 mercatores
872 2373 938 2436 sine
965 2387 1071 2434 eorum
1096 2370 1229 2450 aliquem
1256 2378 1410 2435 custumes
1436 2357 1466 2434 et
1493 2369 1628 2436 subsidia
1656 2370 1791 2468 predicta
1824 2372 1908 2434 iuxta
1938 2353 2037 2434 rut'rm
2072 2377 2101 2434 et
2128 2371 2292 2448 qrrentitatm

493 2490 646 2572 predictas
674 2491 714 2554 ad
736 2505 886 2554 summam
908 2489 1074 2571 predictam
1097 2490 1291 2570 attingentis,
1320 2490 1434 2569 absque
1463 2489 1615 2570 aliquibus
1643 2491 1791 2554 custumis
1817 2497 1847 2554 st
1875 2489 2017 2554 subsidiis
2048 2490 2136 2553 nobis
2161 2495 2210 2552 aut
2231 2487 2293 2550 berc

493 2611 581 2675 dibus
604 2613 716 2674 nostris
737 2617 790 2673 aut
811 2609 897 2672 vobis
917 2607 1072 2672 soluendis
1097 2617 1130 2672 et
1149 2608 1295 2672 habendis
1317 2625 1353 2672 ac
1375 2609 1489 2688 absque
1516 2616 1659 2686 competo
1681 2625 1734 2672 seu
1756 2608 1859 2688 aliquo
1881 2609 1944 2672 alio
1962 2609 2053 2674 nobis
2070 2607 2144 2672 iude
2164 2605 2294 2671 reddendis

494 2747 547 2794 seu
570 2729 742 2806 soluendis,
775 2745 831 2807 per
851 2725 1028 2792 indenturas
1048 2727 1222 2792 huiuamodi
1243 2728 1445 2792 adducciones
1467 2736 1498 2792 ot
1518 2727 1726 2792 traduccioees
1747 2725 1955 2804 munim,
1986 2729 2066 2792 ieter
2087 2743 2140 2791 ros
2160 2735 2189 2790 ct
2207 2741 2295 2788 merce

496 2860 577 2914 tores
597 2849 751 2929 predictos
772 2851 839 2912 siue
859 2862 965 2911 eorum
987 2847 1107 2926 aliquos
1127 2847 1174 2911 rei
1197 2847 1328 2927 aliquem
1350 2847 1388 2910 ds
1410 2855 1545 2928 tempure
1573 2848 1605 2910 in
1627 2854 1746 2927 tempus
1768 2846 1867 2912 debite
1888 2845 2107 2926 confidencius,
2133 2845 2171 2912 de
2191 2853 2296 2923 tenpore

494 2973 526 3034 iu
555 2978 675 3052 tempus
701 2967 813 3032 habere
842 2974 871 3030 st
904 2967 1033 3030 retinere
1063 2966 1203 3030 similiter
1229 2967 1410 3047 permittatis
1436 2967 1520 3030 iuxta
1548 2974 1683 3030 tenorem
1709 2965 1878 3031 teteramn
1906 2975 2080 3032 noshtrum
2108 2965 2294 3047 predictarum

494 3089 531 3152 Et
561 3105 617 3152 nos
644 3103 700 3167 per
725 3102 852 3167 pressus
878 3083 1054 3160 mandatum
1088 3093 1223 3150 nosram
1256 3103 1292 3150 ac
1319 3086 1446 3150 alteram
1460 3093 1592 3164 'partem
1624 3085 1851 3150 indenturamm
1883 3084 2090 3166 predictarum
2119 3095 2178 3150 iam
2208 3083 2294 3145 eosic
2361 3101 2362 3176 ζ

496 3217 637 3290 compoto
660 3214 758 3272 vestro
786 3205 825 3270 ad
846 3205 1032 3269 scaccarium
1054 3211 1207 3282 uestrum,
1236 3221 1327 3284 quam
1350 3204 1483 3286 prefatos
1505 3214 1688 3269 mercatores
1706 3213 1739 3270 et
1758 3221 1865 3268 eornm
1886 3205 2052 3284 quentiher
2071 3205 2111 3270 dc
2132 3205 2260 3270 custums
2275 3205 2296 3260 rt
2361 3191 2362 3244 ἲ

494 3327 638 3392 subsidiis
664 3327 808 3406 predictis
835 3329 917 3388 iuxta
945 3333 1042 3388 ratam
1068 3332 1100 3387 et
1132 3325 1327 3403 quantitatem
1361 3325 1514 3406 predictus
1540 3324 1580 3390 ed
1607 3339 1757 3390 samem
1783 3323 1950 3405 predictam
1977 3327 2191 3410 atu'nqentibus
2216 3340 2246 3386 ee
2267 3317 2294 3380 de

494 3447 634 3510 omnibus
662 3447 730 3510 aliis
758 3446 899 3522 summis,
927 3460 986 3522 que
1011 3444 1050 3507 ab
1072 3445 1148 3524 ipsis
1175 3444 1394 3508 mercatoribus
1422 3445 1460 3508 de
1487 3445 1632 3509 custumis
1660 3453 1690 3506 et
1710 3444 1853 3528 subsidiis
1873 3443 1935 3508 iliis
1956 3444 2034 3508 vitre
2063 3454 2158 3510 rutum
2178 3452 2205 3506 et
2223 3454 2294 3519 quet·

495 3569 609 3630 netem
629 3565 783 3652 predictas
805 3562 844 3626 ad
866 3580 943 3644 opus
966 3571 1102 3626 nostrum
1125 3579 1178 3626 sen
1200 3562 1343 3628 heredum
1367 3573 1540 3628 nostrorum
1562 3564 1643 3646 exigi
1664 3564 1810 3644 poterim,
1832 3581 1904 3647 erga
1927 3579 1983 3626 uos
2005 3572 2034 3628 et
2057 3563 2180 3628 heredes
2199 3565 2294 3624 netu

496 3685 533 3748 de
555 3692 691 3763 tempore
713 3685 743 3746 in
765 3691 884 3762 tempus
906 3683 1064 3746 exonerari
1086 3689 1117 3744 et
1138 3683 1304 3760 requieturi
1325 3682 1481 3748 iaciemus.
1514 3681 1604 3746 Teste
1624 3699 1674 3746 me
1695 3682 1773 3762 ipso,
1796 3683 1878 3760 apud
1896 3682 2205 3756 wesmonasteriem
2225 3677 2294 3742 terrio
2361 3757 2362 3782 ξ

496 3805 544 3868 die
564 3803 655 3880 iunii,
677 3819 759 3866 anno
781 3802 867 3884 regni
889 3803 983 3866 nesiri
1005 3801 1239 3881 quintodecimo.
2028 3802 2121 3868 Hasd.

497 4055 746 4144 CXXXIV.
802 4061 969 4141 Vidimus
997 4062 1092 4141 iiber
1123 4063 1187 4149 die
1208 4062 1457 4165 veromente,
1492 4061 1706 4166 beireffend
1736 4063 1799 4144 die
1827 4048 2300 4152 secedentesque
2361 3997 2362 4038 ᾗ

564 4334 566 4338 .
688 4215 734 4294 R.
765 4214 1024 4295 recensuere
1053 4213 1336 4320 ebertraqecen
1365 4217 1635 4324 Bceiistenqen.
1693 4203 1810 4319 '1e75‚
1842 4216 1993 4323 Aequent
2017 4218 2077 4298 11.
2100 4215 2132 4318 ¹)

651 4399 803 4462 Universis
825 4405 856 4460 st
876 4397 1003 4480 siugulis
1025 4393 1138 4458 Christi
1158 4395 1304 4462 fidelibus.
1319 4398 1509 4478 presenciam
1530 4401 1749 4466 continenciam
1770 4401 1881 4466 usmis
1904 4400 1949 4464 rei
1974 4401 2143 4477 aedituis,
2173 4395 2295 4462 nebeim

499 4519 610 4600 Drope,
632 4519 741 4595 maior,
764 4524 793 4579 et
814 4515 1002 4580 aldermanni
1024 4517 1152 4580 oiritetis
1168 4517 1314 4596 lenden,
1337 4517 1466 4584 salutem
1488 4520 1516 4582 iu
1535 4517 1661 4582 Domino
1683 4521 1896 4600 sempiternam
1919 4528 1948 4582 et
1970 4519 2227 4590 ddem'indubiam
2240 4525 2295 4589 nrt·

497 4637 631 4702 sentibus
652 4636 802 4699 adhiberi.
845 4634 969 4698 Nouerit
991 4636 1168 4699 universitas
1190 4645 1305 4714 restra,
1339 4637 1420 4716 quod
1442 4637 1491 4700 die
1513 4637 1708 4701 confectionis
1726 4641 1918 4725 presencium
1941 4638 2068 4702 vidimus
2090 4647 2119 4702 et
2139 4633 2296 4715 inspeximus

377 4747 381 4762 '
499 4754 651 4836 quoddam
673 4756 830 4834 seriptum,
852 4754 971 4836 sigiliis,
996 4763 1027 4818 ut
1049 4757 1202 4832 asseritur,
1227 4753 1389 4845 Wdiieimi
1405 4754 1568 4836 Bysouthe,
1591 4757 1755 4837 capellani,
1776 4756 1929 4843 iohannes
1951 4755 2099 4839 Brikciys,
2122 4750 2255 4837 pannari,
2274 4751 2295 4805 et

498 4875 623 4940 liuberti
645 4873 753 4953 Treys,
776 4874 913 4948 merceri,
936 4875 1046 4937 ciuium
1069 4873 1214 4951 houden,
1237 4891 1305 4938 cere
1330 4875 1421 4938 rubra
1444 4876 1600 4954 impressis
1620 4875 1799 4958 sigiiiatum,
1821 4881 1851 4938 iu
1874 4875 1928 4939 bec
1950 4877 2051 4942 verbu.
2096 4871 2206 4959 (Feipt
2222 4861 2295 4946 niiqt

499 4991 565 5059 Ns.
588 4989 638 5056 tt
663 4987 1002 5084 cochhre1410,
1031 4989 1182 5060 Februer
1202 4990 1298 5075 26.)
1341 4991 1478 5058 Vidimus
1506 4998 1602 5060 eden
1629 5003 1658 5059 ct
1682 4996 1869 5078 inspeximus
1895 4993 2049 5075 quandam
2076 5001 2185 5058 cartam
2210 4985 2295 5050 iudeu·
2362 4982 2363 4985 ’

500 5123 604 5191 utam,
626 5111 741 5196 sigilio,
763 5111 971 5186 crassentur,
994 5109 1116 5176 heberti
1136 5109 1320 5178 Cumherton
1343 5115 1496 5195 armigeri,
1517 5132 1588 5179 ¹cera
1612 5116 1702 5180 rubra
1725 5118 1872 5196 impresse
1892 5114 2069 5196 sigillatum,
2092 5115 2121 5178 in
2141 5113 2194 5174 bec
2214 5103 2293 5168 rerba.

659 5367 683 5430 ¹)
709 5365 767 5418 dus
787 5367 874 5420 duem
892 5367 1112 5431 humbureisehen
1130 5367 1346 5432 eomer-nuens.
