4716 6330
416 635 476 718 86
1189 624 1300 720 1456,
1325 626 1390 701 idei
1417 625 1476 706 12.

351 975 355 982 .
419 938 476 986 een
509 915 696 988 Dcrdrecltt
735 913 813 980 uude
849 915 891 980 nl
923 911 1057 980 cuderem
1091 920 1210 978 rorstsu
1243 911 1323 978 unde
1355 911 1459 978 men
1488 911 1590 995 qedsu
1624 911 1703 980 unde
1733 911 1827 996 geltrt
1859 913 1979 978 hellen
2008 912 2091 988 nude
2125 930 2160 978 so
2191 915 2248 980 sele

418 1043 450 1106 iu
478 1039 565 1104 deme
596 1037 689 1102 lesten
717 1032 909 1116 gerboido,
943 1034 995 1098 dot
1022 1032 1061 1096 de
1083 1048 1213 1112 cnpmen
1244 1031 1275 1094 bi
1302 1032 1399 1096 sinem
1422 1031 1524 1096 reclrte
1546 1031 1670 1109 blesen,
1704 1035 1730 1098 is
1760 1031 1941 1114 normeqeu.
1985 1031 2071 1100 Unde
2098 1032 2249 1101 derumme

418 1159 506 1228 suile
532 1158 602 1222 lrcst
629 1156 687 1222 den
711 1171 809 1220 ccrsc.
833 1151 937 1220 steden
965 1160 997 1218 tc
1018 1150 1207 1229 eutricltteu,
1238 1166 1296 1231 eyn
1318 1150 1389 1217 islilt
1411 1167 1471 1216 ven
1491 1149 1600 1218 dessen
1626 1151 1730 1216 stedeu
1757 1151 1810 1216 det
1830 1167 1870 1216 en
1891 1152 1959 1219 sine
1977 1151 2116 1218 oldesteu
2138 1153 2248 1235 lunge,

419 1296 455 1344 so
481 1276 534 1342 det
559 1275 711 1357 depende,
751 1273 790 1338 de
817 1281 848 1336 to
878 1270 933 1336 der
958 1267 1112 1336 dochverd
1144 1275 1272 1353 gercqet
1303 1268 1373 1334 sind
1404 1269 1436 1334 el
1468 1268 1564 1335 muno
1597 1271 1628 1334 in
1654 1269 1837 1353 briuqiuglm
1863 1268 1920 1334 der
1947 1285 1990 1349 up
2015 1271 2150 1350 sprelseu
2177 1270 2248 1336 unde

418 1395 547 1464 hedecht
581 1393 695 1462 scollen
728 1408 785 1473 syr
819 1389 891 1471 myd
919 1387 1028 1472 weqlre
1056 1389 1093 1454 de
1121 1395 1312 1470 upgeuenten
1340 1387 1423 1452 stede
1456 1405 1513 1452 ven
1543 1387 1648 1456 sullies
1677 1389 1748 1454 lost
1773 1397 1920 1472 vcmoqet
1947 1388 2085 1470 werden.
2137 1389 2248 1456 Benene

418 1517 459 1581 ols
486 1513 525 1578 de
547 1529 646 1578 vome.
669 1512 753 1578 stede
780 1510 895 1576 scolleu
924 1505 1105 1574 vullemeclrt
1132 1507 1280 1583 hebben„
1298 1523 1335 1571 so
1361 1523 1450 1571 nenne
1477 1524 1509 1572 se
1538 1505 1590 1570 det
1617 1509 1647 1572 iu
1677 1505 1744 1574 dem
1775 1507 1898 1574 meliten
1928 1507 2046 1576 hebben
2073 1507 2189 1572 seolleu
2215 1525 2247 1572 ur

417 1635 606 1702 emummse
627 1631 683 1696 der
704 1631 799 1696 stede.

308 1917 314 1928 .
415 1853 556 1942 xcv.
600 1859 724 1962 liusq
746 1856 932 1940 liemon
962 1833 1020 1934 Vr.
1051 1861 1243 1959 peroret
1273 1854 1360 1934 cem
1383 1851 1430 1932 lt.
1456 1853 1618 1938 mosoc
1641 1877 1715 1936 ces
1739 1851 1907 1956 seneen
1934 1855 2017 1936 ced
2040 1856 2078 1939 J.
2103 1853 2247 1954 umus,

448 2018 510 2092 ete
536 2010 785 2092 Gmmdstttcls
803 2016 844 2088 sic
867 2007 1074 2111 Wicccioqos
1095 2005 1205 2087 boos
1227 2016 1301 2087 cic.
1327 2033 1375 2088 ou
1394 2008 1517 2112 pedere
1538 2033 1590 2088 no
1610 2007 1780 2109 dolorm,
1812 2007 1890 2088 Abi
1908 2033 1957 2088 sc
1979 2003 2037 2090 St.
2060 2009 2222 2108 Attene,

475 2173 589 2244 ceter
611 2161 840 2264 Erlheiluoq
865 2161 935 2240 der
956 2157 1187 2265 qeisiiiclceo
1202 2159 1475 2240 incontentae
1495 2188 1548 2242 oo
1570 2161 1789 2241 desselben.
1837 2159 1954 2263 1456,
1979 2161 2062 2244 Mos·
2076 2159 2139 2244 12.
2155 2162 2187 2264 ¹)

570 2344 729 2420 tiedricus,
750 2343 804 2408 liei
826 2343 931 2425 grecie
953 2358 1009 2404 rex
1029 2339 1137 2423 Anglie
1158 2349 1189 2404 et
1209 2340 1348 2408 lirensis
1369 2350 1400 2404 et
1420 2343 1563 2410 domiuus
1584 2340 1743 2420 Hibernis,
1765 2345 1919 2421 omnious,
1939 2343 1980 2410 sd
2000 2361 2079 2423 qnos
2101 2351 2249 2424 presentes

418 2465 504 2534 litere
526 2465 732 2544 pemeueriut,
755 2461 895 2527 sulutem.
940 2457 1068 2545 Sciatis,
1102 2459 1185 2538 quod
1205 2460 1245 2526 de
1273 2462 1377 2542 mocio
1414 2457 1426 2540 ll
1463 2435 1566 2528 unone
1587 2461 1713 2542 speciali
1734 2479 1770 2530 ec
1792 2479 1849 2542 pro
1871 2464 1954 2535 douc
1974 2471 2004 2527 et
2025 2463 2174 2531 lesdemli
2193 2479 2250 2528 ser·
2342 2505 2343 2550 q

417 2587 509 2661 unio,
531 2582 612 2662 duod
634 2581 764 2646 dilectos
785 2587 815 2643 et
837 2578 933 2644 tidelis
954 2586 1058 2642 noster
1079 2576 1258 2659 lindolphus
1280 2575 1400 2645 Botsler
1422 2579 1460 2646 de
1480 2576 1623 2661 Sudeley,
1644 2580 1747 2658 miles,
1771 2581 1860 2648 uobis
1879 2581 2088 2661 multipliciter
2111 2579 2251 2662 impurdit

418 2702 574 2781 iudiesque
611 2699 622 2782 l
659 2697 834 2780 impendere
855 2713 917 2762 nou
939 2697 1068 2772 desistit,
1089 2699 1293 2765 concessimus
1314 2713 1372 2776 pro
1393 2697 1481 2764 robis
1503 2707 1533 2764 st
1554 2697 1718 2767 heredibus
1736 2705 1860 2776 uostris,
1882 2707 2029 2779 wiotum
2047 2701 2183 2767 incenis
2200 2707 2248 2774 est,

418 2829 448 2888 st
469 2837 525 2900 per
546 2826 704 2899 presentes
725 2815 921 2884 concedimus
940 2823 971 2884 et
991 2814 1149 2881 licencism
1178 2814 1318 2883 &dmum
1343 2815 1440 2884 eidem
1462 2815 1622 2897 ltnddpoe
1660 2813 1672 2900 ss
1708 2834 1746 2882 ec
1765 2817 1897 2885 teneret
1918 2817 2020 2894 llsude
2049 2820 2177 2896 iuniori,
2206 2834 2249 2880 er-

417 2941 551 3024 migeto,
583 2937 664 3017 quod
688 2936 859 3017 ipsinuuor
880 2935 1071 3016 mesuagium
1091 2935 1157 3000 sius
1178 2942 1380 3001 tenementum
1402 2951 1471 3002 com
1494 2937 1564 3000 leic
1586 2934 1759 3013 ediscente,
1792 2936 1884 3005 omni
1910 2953 1979 3003 cire
2002 2939 2147 3014 ommim
2167 2938 2249 3003 uisis

418 3060 527 3127 mmsis
548 3065 579 3122 et
600 3056 707 3120 ceteris
728 3053 1004 3133 compertinentiis
1025 3068 1061 3116 ec
1083 3053 1199 3119 iuribus
1220 3052 1462 3132 quibuscumque
1483 3053 1627 3134 predictis
1654 3055 1812 3136 mesuagio
1837 3056 1904 3125 siue
1932 3063 2105 3130 emeseno
2132 3062 2162 3122 et
2185 3056 2248 3120 lesio

418 3177 678 3257 qualitercumque
699 3172 928 3254 pertinentibus,
950 3171 1069 3238 uinetis
1090 3173 1122 3234 in
1144 3170 1261 3238 venetie
1284 3179 1389 3240 nocete
1406 3169 1674 3256 Wyudeqcscltme
1695 3173 1726 3236 in
1747 3173 1894 3252 parochie
1909 3171 2058 3242 Omnium
2075 3173 2249 3242 &mmmm

418 3297 457 3365 sd
479 3295 582 3362 lenum
605 3293 741 3359 London.
765 3291 880 3358 scilicet
906 3291 986 3354 inter
1014 3295 1216 3356 tenementum
1244 3305 1341 3370 nuper
1362 3288 1517 3357 &menidi
1539 3290 1714 3373 Flresdyuq
1733 3309 1771 3358 es
1799 3300 1884 3373 pene
1910 3294 2068 3372 edentuli,
2104 3303 2135 3362 et
2155 3295 2249 3360 leion

418 3422 557 3479 nocetum
581 3406 868 3498 Esterlyoqeslcull
888 3425 926 3472 ex
947 3414 1035 3487 perte
1057 3407 1254 3486 occidentali,
1287 3425 1322 3472 nc
1345 3425 1455 3490 equom
1478 3409 1634 3476 Themisie
1654 3428 1693 3474 en
1716 3412 1967 3492 paneadensi,
2000 3420 2031 3476 et
2053 3420 2249 3480 tenementum

275 3523 277 3527 ’
417 3550 514 3614 nuper
536 3529 690 3611 liedutpni
711 3527 864 3610 Bluleney
885 3544 923 3590 ex
943 3532 1030 3606 porte
1052 3526 1238 3608 aquilonari,
1268 3527 1342 3596 dere
1369 3529 1488 3608 possint
1514 3537 1544 3592 et
1571 3529 1736 3597 concedere
1757 3529 1875 3596 dilectis
1897 3531 2037 3595 noemin
2061 3529 2184 3599 Christo
2203 3529 2249 3592 lc

417 3651 522 3728 henni,
545 3649 648 3716 oblati
669 3647 845 3714 monasterii
866 3649 931 3709 siue
952 3644 1073 3710 ebnetie
1093 3647 1190 3710 suncti
1203 3643 1315 3719 libeni
1337 3646 1374 3710 de
1396 3645 1467 3710 nilla
1490 3645 1527 3712 de
1549 3655 1655 3714 seuctc
1669 3645 1797 3714 emeno.
1821 3656 1849 3716 et
1871 3649 2005 3716 eiusdem
2018 3649 2078 3714 loci
2097 3649 2249 3716 concentui

418 3767 590 3836 moenium
612 3775 642 3831 et
664 3763 824 3832 tenendum
846 3764 903 3830 sibi
926 3771 956 3826 et
976 3764 1203 3828 successoribus
1225 3765 1289 3828 suis
1309 3764 1542 3844 imperpetuum·
1585 3764 1624 3829 Et
1650 3765 1764 3832 eisdem
1787 3767 1889 3834 ebleti
1911 3777 1940 3832 et
1961 3773 2143 3848 concentui,
2176 3765 2248 3848 quod

418 3891 477 3968 ipsi
499 3887 580 3955 idesu
602 3887 792 3967 mesuagium
814 3887 879 3948 siue
903 3889 1104 3948 tenementum
1126 3891 1155 3946 et
1177 3883 1280 3948 laium
1303 3899 1372 3956 cum
1393 3884 1629 3952 assumsisse
1651 3887 1760 3953 ceteris
1781 3887 1845 3951 suis
1871 3888 2060 3966 pertinentiis
2081 3905 2120 3954 nc
2142 3887 2249 3954 iuribus
2341 3929 2342 3990 ἦ

418 4007 671 4086 quibuscumque,
692 4002 835 4084 predictis
857 4002 1014 4083 mesuagio
1035 4003 1102 4066 siue
1124 4009 1293 4068 tenemento
1315 4010 1345 4068 et
1366 4003 1437 4068 ieie
1459 4003 1719 4086 qualitercumque
1740 4007 1970 4086 perseeutione,
1992 4007 2033 4086 de
2051 4009 2181 4090 preietis
2196 4007 2249 4070 lle-

418 4123 534 4203 dolplnc
555 4131 585 4186 et
605 4120 743 4188 dolrem
766 4122 900 4200 recipere
922 4121 1041 4202 possint
1062 4128 1091 4184 et
1112 4128 1214 4186 tenere
1234 4121 1295 4188 sini
1315 4127 1344 4184 et
1369 4123 1597 4191 successoribus
1623 4128 1688 4190 suis
1717 4126 1951 4206 imperpetuum.
1996 4123 2145 4205 Similiter
2164 4126 2249 4190 icen

418 4243 498 4308 ciem
520 4239 658 4308 dedimus
680 4237 860 4318 specialem,
893 4237 1031 4307 nolentes
1051 4239 1132 4320 quod
1155 4239 1284 4320 predicti
1305 4239 1482 4322 lindolphus
1509 4241 1712 4313 dioceseos
1741 4251 1794 4311 aut
1819 4242 1945 4319 heredes
1974 4248 2022 4324 spi
2049 4253 2103 4322 eut
2131 4243 2247 4326 predicti

418 4362 513 4428 aloes
534 4369 565 4426 et
587 4367 754 4426 conuentus
775 4375 828 4424 seu
850 4373 1043 4425 successores
1064 4359 1123 4436 sui,
1144 4360 1266 4425 racione
1288 4359 1519 4440 premissorum,
1539 4378 1596 4442 per
1617 4379 1674 4428 nos
1696 4363 1741 4432 nol
1763 4337 1889 4456 nmedes
1911 4370 2043 4443 nosnos,
2063 4363 2249 4436 emmunim,

418 4488 600 4558 escnetcres,
623 4479 824 4556 vicecomites,
847 4484 1044 4544 meonetcres
1065 4485 1119 4540 eut
1138 4475 1217 4542 elios
1237 4473 1371 4544 belliucs
1391 4495 1445 4548 sen
1467 4481 1621 4548 ministros
1644 4488 1763 4557 nostrus
1785 4497 1999 4562 quoscumque,
2014 4479 2126 4558 tuturis
2142 4491 2248 4559 tempo-

418 4599 503 4667 ritus
529 4597 725 4674 molestetur,
767 4598 946 4677 impeteou,
980 4596 1162 4678 inquietetur
1186 4597 1217 4660 in
1247 4595 1351 4678 aliquo
1380 4613 1433 4663 scu
1463 4603 1623 4681 trenetur,
1658 4599 1871 4678 molestator,
1906 4602 2107 4680 impotenter,
2141 4599 2249 4678 inquie-

411 4710 518 4785 tentur
538 4718 570 4782 in
593 4716 696 4796 aliquo
718 4732 774 4780 seu
795 4723 972 4796 prouentus.
1016 4711 1134 4782 Stetmc
1156 4713 1194 4778 de
1216 4716 1305 4782 terris
1326 4722 1356 4780 et
1378 4720 1554 4785 tenementis
1576 4717 1616 4783 ed
1637 4734 1761 4787 menum
1776 4727 1926 4785 morsum
1944 4719 2163 4800 ncnpnueudis
2175 4716 2248 4783 edito

409 4830 478 4900 ‘uon
498 4835 646 4911 obstante,
669 4832 742 4896 dum
759 4839 858 4896 temen
880 4849 937 4914 per
953 4834 1167 4912 inquisiciones
1188 4831 1258 4897 iude
1276 4833 1375 4897 debite
1394 4833 1557 4914 capiendas
1578 4845 1607 4900 et
1629 4840 1659 4902 in
1677 4837 1891 4902 cancellariam
1905 4846 2040 4902 unstrout
2055 4838 2100 4902 rel
2112 4835 2249 4904 lnercduut

418 4961 594 5023 noseorum
615 4953 672 5017 rite
694 4950 893 5019 returnendos
915 4961 1105 5036 compertum
1126 4953 1181 5032 sit,
1214 4950 1297 5031 quod
1319 4952 1349 5021 id
1372 4951 1439 5018 fleri
1458 4958 1557 5035 possit
1582 4956 1697 5036 eisquc
1719 4956 1853 5037 dampno
1882 4973 1938 5022 seu
1965 4955 2134 5038 pecudeo
2161 4953 2248 5020 nostri

418 5075 464 5138 vel
486 5071 633 5140 heredum
654 5079 831 5137 nostrerum
852 5079 905 5136 eut
925 5071 1055 5139 edorum
1078 5085 1347 5152 quorumcumque
1392 5069 1425 5136 lu
1445 5077 1533 5141 cuns
1555 5076 1599 5140 rei
1621 5075 1825 5142 testimonium
1849 5073 1905 5141 iseo
1927 5074 2032 5141 litccm
2051 5083 2172 5143 ncsnes
2188 5070 2247 5136 deti

420 5223 721 5264 “““““““““““Τ’“

576 5324 600 5388 ¹)
627 5322 687 5379 Ans
706 5325 779 5380 einer
798 5324 994 5390 etetclneltiqen
1013 5324 1346 5390 intermori-Absolutis.
