4716 6330
845 664 1124 760 nabusabaru
1152 664 1185 735 l.
1873 669 1927 752 31

95 950 208 1014 solidos
230 950 261 1012 in
282 949 431 1014 auxilinm
454 957 483 1016 et
501 949 719 1016 releuattonetn
740 965 908 1032 pauperum
929 951 1268 1032 prodideram-inbelle
1290 951 1435 1030 caritatis,
1458 960 1491 1014 nt
1512 959 1559 1016 est
1578 951 1708 1030 dietum,
1743 961 1772 1016 et
1793 967 1853 1016 nan
1876 969 1931 1033 per

95 1071 307 1143 accessionem,
331 1067 547 1132 districtionem
569 1083 622 1132 serr
645 1068 885 1150 compulsionem
909 1069 1042 1147 aliquam
1064 1069 1256 1151 persolvisse.
1315 1069 1357 1132 de
1383 1069 1488 1150 lectis,
1523 1072 1593 1134 aisis
1616 1078 1645 1133 et
1666 1071 1825 1136 intellectis
1847 1080 1930 1135 carta

96 1196 122 1250 et
142 1186 370 1250 eoudrmatioue
391 1185 535 1266 predictis
557 1187 727 1266 auditisque
749 1174 910 1266 superbis
932 1187 1161 1265 obiectionibus,
1184 1187 1427 1272 allegationibus,
1451 1189 1729 1266 informationibus,
1756 1195 1931 1270 responsio-

94 1307 179 1369 nibus
200 1319 238 1368 ae
260 1303 328 1369 aliis
349 1305 485 1370 maledie
506 1314 536 1369 et
557 1305 715 1370 evidentits
737 1305 863 1370 ebremis
884 1301 1017 1386 partium
1040 1305 1260 1386 predictarum,
1284 1323 1338 1370 nee
1360 1321 1420 1370 non
1441 1308 1545 1372 bablta
1568 1325 1660 1388 super
1682 1309 1841 1389 premissis
1866 1324 1930 1371 nra-

95 1433 159 1487 tura
178 1432 210 1488 et
231 1422 371 1506 diligenti
390 1423 611 1488 deliberatione
630 1437 701 1488 earn
723 1423 897 1488 iustiniariis
920 1434 950 1489 et
969 1425 1170 1490 seruientibus
1189 1423 1264 1488 dicti
1287 1424 1401 1489 domini
1423 1428 1505 1509 regis
1523 1444 1606 1490 nune
1627 1427 1669 1490 ad
1690 1428 1789 1510 legem
1812 1445 1847 1490 ae
1860 1426 1930 1490 aliis

96 1545 197 1624 periris
219 1542 260 1606 de
281 1541 499 1619 consilinum,
522 1546 553 1606 in
575 1541 680 1606 eadem
703 1542 886 1608 eanoellaria
908 1545 1116 1621 existentibus,
1140 1543 1260 1608 tnurlem
1283 1545 1504 1610 eonsideraurm
1529 1544 1596 1622 luit,
1616 1519 1700 1624 qaod
1723 1545 1795 1612 dicti
1811 1561 1930 1610 merru-

94 1669 169 1724 tores
191 1661 403 1724 desolatione
425 1660 541 1724 deeinre
562 1660 697 1740 predicte
718 1662 779 1724 sint
798 1664 893 1742 unieti
915 1671 945 1726 et
966 1663 1085 1742 penitus
1108 1665 1278 1739 exonerati,
1311 1672 1340 1727 et
1368 1664 1449 1743 quod
1475 1663 1678 1728 distuietiorres
1705 1667 1735 1726 in
1764 1662 1821 1728 bae
1843 1673 1930 1742 parte

92 1788 176 1860 eapte
197 1779 315 1844 eisdem
337 1777 556 1843 mereatoribrrs
578 1779 768 1857 relaxentur,
792 1789 821 1843 et
843 1781 924 1860 qaod
945 1783 1006 1860 ipsi
1028 1799 1045 1844 a
1068 1783 1153 1845 nuria
1176 1790 1279 1846 nostra
1301 1783 1443 1846 recedant
1465 1785 1567 1863 quieti,
1590 1787 1656 1846 sine
1676 1782 1757 1859 die„
1772 1786 1836 1846 inre
1857 1783 1929 1846 dieti

93 1898 202 1962 domiui
224 1901 309 1980 regis
331 1911 411 1962 eune
433 1905 462 1962 et
484 1897 608 1962 alterins
630 1899 838 1978 emmennone
858 1913 980 1977 semper
1001 1899 1100 1964 seluo.

240 2016 305 2080 Nos
320 2025 426 2080 autern
448 2025 583 2081 tenorem
606 2015 725 2080 reeorrli
747 2027 777 2080 et
794 2033 956 2097 proeeasus
978 2018 1184 2096 predictorum
1201 2020 1242 2084 ud
1262 2021 1486 2099 requisitionem
1500 2020 1708 2098 predictarum
1727 2028 1929 2084 mereatorrrrn

92 2136 127 2199 de
147 2135 243 2200 hansa
266 2135 408 2200 duximus
432 2133 716 2214 exemplideandam
742 2151 802 2213 per
823 2144 990 2217 presentes.
1034 2135 1067 2200 ln
1088 2139 1175 2200 ouins
1202 2141 1247 2201 rei
1276 2140 1481 2202 testimonium
1509 2138 1565 2203 bas
1590 2139 1696 2204 literas
1718 2148 1840 2204 nostras
1863 2139 1928 2202 lieri

93 2253 213 2318 lecimus
236 2259 386 2335 patentes.
424 2251 514 2318 Teste
537 2267 585 2317 me
605 2255 683 2334 ipso,
706 2253 788 2334 apud
802 2253 1118 2332 westmonasterium,
1142 2257 1284 2320 uicesimo
1305 2265 1414 2337 quarto
1436 2256 1485 2321 die
1506 2257 1589 2336 tulii,
1612 2273 1691 2322 enno
1714 2259 1800 2340 regni
1823 2265 1928 2322 nostro

93 2389 179 2437 nono.
1588 2375 1774 2441 Gannstede.

94 2597 291 2681 xnvltr.
337 2599 383 2677 D.
408 2598 579 2703 bopburra
608 2601 690 2680 aad
719 2599 766 2679 bt.
790 2601 958 2702 Horrore,
993 2600 1219 2703 Ger’etle'ebs,
1250 2605 1332 2682 uad
1360 2603 1407 2681 H.
1434 2601 1570 2683 Somer
1598 2603 1835 2706 thereupon
1863 2603 1929 2682 die

94 2753 201 2834 ileon
231 2778 306 2834 eoo
335 2754 372 2832 J.
405 2751 516 2832 West
545 2749 831 2858 dbertrupereera
855 2753 1139 2858 Graeadslttolae,
1170 2755 1315 2836 welebe
1346 2762 1448 2836 eiust
1479 2756 1549 2836 der
1577 2755 1771 2862 rruaper.
1797 2753 1929 2859 Sleipb

242 2905 440 3009 beseeserr,
473 2933 526 2989 ure
556 2907 633 2988 dere
666 2908 904 2988 Geistlr’elrera
940 2909 1004 2990 tu.
1033 2907 1318 3012 Clamberlopro.
1380 2908 1503 3012 1409,
1533 2908 1710 2991 Februur
1740 2910 1774 2988 1.

236 3088 402 3166 Omnibus,
424 3087 463 3152 ad
485 3103 563 3168 quoa
584 3096 709 3169 presens
732 3089 877 3169 seriptum
897 3093 1081 3171 wuenerit,
1104 3090 1257 3154 dionisius
1276 3090 1423 3172 lopbam,
1447 3089 1593 3156 llenrious
1610 3089 1740 3169 llenore,
1764 3091 1877 3168 ulerid,
1895 3097 1929 3154 et

93 3207 233 3274 ilenrieus
251 3205 361 3272 Somer
381 3207 520 3272 salutern.
565 3207 715 3272 Noaeritis
738 3223 794 3272 nos
813 3211 978 3287 remisisse,
1002 3209 1155 3273 relaxasse
1176 3218 1206 3273 et
1226 3211 1350 3274 ornnino
1372 3210 1410 3274 de
1431 3211 1518 3274 nobis
1537 3219 1569 3273 et
1595 3207 1606 3292 l!
1634 3209 1795 3296 heredibus
1817 3210 1929 3273 nosris

94 3329 120 3390 iu
141 3335 322 3407 perpetuum
343 3327 477 3406 quietum
500 3328 649 3394 clamasse
666 3327 783 3391 llberos
804 3325 1037 3408 chamberleyn,
1060 3327 1182 3406 nlenten,
1205 3328 1368 3392 heredibus
1390 3337 1420 3392 et
1440 3330 1606 3412 assignatis
1628 3329 1691 3392 suis
1714 3337 1809 3392 toln
1829 3328 1877 3390 ies
1899 3334 1929 3390 et

95 3445 253 3524 obmeurn,
280 3462 341 3525 qne
362 3445 525 3526 babemus,
558 3445 718 3511 babuimus
747 3461 801 3510 sen
830 3445 1032 3525 qnorrisrnodo
1060 3445 1173 3510 babere
1202 3449 1369 3526 poterimus
1401 3444 1413 3523 ΙΙ
1447 3448 1478 3510 in
1506 3445 1608 3511 inturo
1637 3449 1669 3510 in
1699 3446 1839 3511 omnibus
1867 3445 1929 3509 illis

94 3569 175 3630 terris
194 3575 227 3631 et
248 3569 424 3631 tenementis
446 3581 514 3630 enm
536 3565 690 3641 urbarrris,
724 3563 891 3628 redditibus
912 3572 942 3626 et
956 3565 1096 3628 omnibns
1117 3566 1181 3630 suis
1203 3566 1405 3646 peuiueurbs,
1440 3584 1499 3646 que
1521 3581 1618 3646 nuper
1631 3565 1760 3629 inerunt
1780 3565 1927 3628 lobannis

94 3681 209 3768 Steigb,
232 3685 391 3768 armigeri,
414 3686 445 3747 in
464 3685 587 3748 ciuitate
606 3682 744 3761 ¹bonden,
768 3691 798 3747 et
817 3697 876 3763 rpre
896 3683 1020 3763 quidem
1042 3691 1138 3748 terres
1159 3691 1190 3747 et
1211 3692 1378 3748 tenernenta
1406 3689 1417 3768 tt
1443 3702 1513 3749 enm
1535 3675 1688 3762 tubunis,
1709 3683 1876 3748 redditibus
1898 3693 1930 3748 et

94 3805 150 3865 suis
170 3803 360 3885 pertinentiis
380 3819 438 3868 vna
459 3817 528 3867 ente
557 3803 626 3867 eliis
654 3805 742 3868 terris
773 3809 805 3865 et
824 3803 1003 3866 tenementis
1024 3805 1056 3866 in
1077 3803 1270 3868 mmitatibns
1291 3801 1441 3870 meuses
1469 3813 1499 3868 et
1518 3803 1720 3881 bliddlessex,
1749 3819 1808 3884 que
1830 3819 1928 3882 nuper

95 3919 208 3986 beraut
224 3921 354 4002 prodisti
372 3921 519 3987 lobannis
541 3920 656 4005 Sieigb,
678 3939 746 4000 nos,
769 3920 881 4000 prelati
898 3920 1063 4000 dionisius,
1086 3921 1234 3986 llenrierrs
1260 3921 1379 3986 llenme
1402 3931 1431 3987 et
1447 3923 1594 3988 ilenrieus
1608 3921 1717 3987 Somer
1738 3939 1773 3986 ne
1789 3907 1927 4001 prelatas
1952 3941 1957 3980 r

95 4039 222 4107 Tbnrnas
244 4037 465 4124 Cbarnberleyu
494 4047 523 4105 et
543 4039 696 4106 lebannes
710 4039 875 4123 llorbury,
904 4041 1055 4124 armiger,
1087 4055 1185 4122 nuper
1213 4041 1304 4105 sinui
1333 4040 1493 4106 babuimus
1523 4060 1559 4106 err
1582 4042 1664 4106 dono
1686 4051 1716 4106 et
1737 4041 1928 4106 mramenro

94 4157 231 4226 lobannis
252 4157 350 4241 Wast,
370 4161 422 4224 ita
445 4159 526 4239 qaod
548 4177 603 4224 nen
624 4173 691 4237 nos,
714 4159 842 4240 predica?
864 4157 1026 4238 bionlsins,
1052 4159 1202 4226 ilenrinus
1223 4159 1341 4224 llensre
1362 4169 1394 4223 et
1414 4159 1561 4226 llenriom
1583 4159 1701 4240 somer,
1724 4178 1779 4224 nen
1802 4159 1927 4224 heredes

96 4281 192 4357 nostri,
215 4297 269 4344 nee
292 4280 402 4360 aliquis
424 4279 544 4344 nomine
566 4285 669 4343 nostro
690 4277 806 4359 aliquid
828 4280 904 4343 ineis
920 4279 966 4343 rel
990 4280 1097 4343 elumei
1119 4281 1150 4344 in
1172 4279 1316 4358 predictis
1339 4281 1427 4343 terris
1449 4289 1478 4342 et
1497 4281 1674 4344 tenementis
1690 4296 1761 4344 eum
1779 4279 1925 4356 wbnrais,

95 4397 258 4463 redditibus
278 4408 307 4463 et
328 4399 470 4463 omuibus
492 4399 555 4462 snis
577 4399 766 4479 pertinentiis
788 4406 841 4461 ant
862 4399 893 4461 irr
915 4399 1018 4478 aliqua
1034 4397 1171 4478 pareella
1188 4397 1365 4486 eornmssm
1380 4397 1419 4461 de
1437 4407 1538 4461 eetero
1560 4400 1692 4479 exigere,
1715 4397 1848 4461 clamare
1870 4411 1924 4460 serr

95 4516 243 4582 rendieare
272 4519 439 4599 poterimus
468 4519 499 4582 iu
529 4515 681 4596 laturum,
715 4525 761 4581 set
788 4518 827 4582 ab
849 4517 932 4580 onrni
954 4518 1076 4580 anniane
1104 4517 1180 4579 iaris
1210 4524 1241 4580 et
1265 4517 1372 4580 nlumei
1401 4516 1515 4595 aliquid
1545 4514 1615 4579 inde
1643 4515 1762 4596 petendi
1778 4515 1927 4579 totaliter

97 4634 182 4699 sium
219 4635 334 4700 exelnsi
375 4637 595 4717 inperpetuum
638 4653 694 4717 per
734 4643 899 4717 presentes
949 4634 987 4697 -ln
1024 4635 1110 4698 onias
1143 4636 1187 4699 rei
1215 4635 1421 4700 testimouium
1451 4634 1648 4715 presentibus
1674 4634 1782 4715 sigilla
1820 4643 1924 4698 nostra

96 4731 297 4831 apposuimus.
342 4755 450 4820 Datum
474 4753 613 4832 london,
646 4754 818 4834 primodie
841 4753 1010 4831 Februarii,
1044 4769 1125 4816 auno
1144 4755 1233 4836 regni
1256 4753 1336 4836 regis
1358 4751 1478 4817 ilenriei
1491 4755 1600 4833 guard
1627 4760 1698 4833 post
1726 4760 1925 4832 oonqneatum

97 4867 214 4937 decimo.

237 4987 281 5058 Ire
300 4990 424 5060 dorso:
465 4991 547 5057 istud
571 4993 717 5073 seriptrmr
739 4991 850 5056 lenturn
872 4998 902 5055 et
923 4989 1115 5055 motulatrrm
1137 4993 1168 5055 irr
1189 4989 1345 5075 llnstengo
1366 4989 1493 5058 landon
1521 4991 1560 5056 de
1580 4991 1701 5070 praeitis
1722 4999 1802 5054 teme
1824 4991 1923 5067 tentis,

97 5105 140 5171 die
164 5107 243 5177 Lnns
275 5113 416 5194 proxima
442 5120 514 5193 post
539 5109 650 5176 lestrrm
680 5112 775 5174 saneti
800 5109 881 5176 Lnoe
907 5110 1107 5191 evangeliste,
1141 5127 1235 5174 anno
1252 5112 1338 5193 regni
1366 5111 1448 5194 regis
1471 5109 1596 5175 bedrici
1625 5111 1726 5189 urrarti
1754 5117 1824 5189 pust
1852 5125 1924 5172 ena-

97 5237 223 5304 questum
246 5230 413 5296 undecimo.

1529 5346 1718 5412 binrnbauut.
