4678 6332
842 659 952 754 1441,
977 661 1041 733 mr
1068 661 1101 731 u.
1860 665 1916 746 ut

98 970 145 1018 sua
164 952 270 1028 titiam,
303 963 393 1030 unam
417 953 482 1028 ipse
503 963 575 1029 sepe
597 945 670 1010 uidit
690 953 759 1010 ante
779 945 1045 1027 desponsationem
1069 943 1215 1010 diduncie
1237 945 1419 1023 supradicte.
1471 945 1509 1010 nr
1530 951 1619 1011 etiarn
1640 947 1799 1028 deposuit,
1831 949 1913 1028 quod

98 1072 189 1136 mettis
208 1069 313 1134 dietus
334 1067 568 1150 precedentibus
588 1065 702 1130 dictum
726 1065 936 1148 maritagium,
968 1063 1109 1128 similiter
1135 1072 1164 1128 et
1185 1065 1394 1142 sequentims,
1429 1067 1564 1128 seruiens
1585 1065 1641 1128 tirit
1662 1065 1809 1131 Atduucia
1832 1077 1916 1132 ante·

96 1191 172 1255 dicte.
201 1185 475 1252 iohannesieman
498 1191 693 1262 memoratus,
715 1184 807 1249 modo
822 1189 852 1250 ot
868 1181 968 1248 torma
982 1183 1127 1262 predictis
1147 1183 1265 1246 iuratus
1286 1187 1315 1244 ct
1336 1187 1535 1262 examinatus,
1558 1183 1698 1265 deposuit
1720 1187 1750 1248 in
1772 1181 1915 1251 omnibus

96 1307 270 1374 concorditer
291 1321 359 1370 cum
382 1305 463 1370 dicto
474 1301 725 1368 Wittetchtrd.
767 1302 806 1366 m
827 1301 951 1366 ulterius
973 1301 1070 1366 dictus
1082 1300 1234 1364 iohannes
1248 1301 1359 1364 deman
1381 1303 1497 1365 iuncus
1519 1303 1668 1382 deposuit,
1691 1303 1773 1383 quod
1790 1322 1808 1368 a
1824 1307 1915 1371 demo

96 1429 207 1492 nutricis
229 1425 363 1490 eiusdem
385 1423 446 1488 dtie
468 1423 507 1486 ad
529 1423 654 1486 domum
675 1419 808 1502 predicte
830 1417 987 1498 diducere,
1010 1421 1116 1484 matris
1138 1435 1210 1497 suc,
1238 1421 1374 1500 pmpr'ris
1395 1423 1459 1482 suis
1480 1421 1613 1484 brachiis
1634 1425 1737 1504 septus
1759 1433 1915 1506 transpor-

95 1547 170 1608 tauit„
211 1542 376 1608 Nictrotaua
398 1540 696 1616 misissemus,
719 1539 810 1604 mcdo
833 1547 863 1602 et
885 1537 984 1602 torma
1006 1539 1150 1619 predictis
1171 1539 1287 1601 iuratus
1309 1546 1339 1601 et
1353 1542 1553 1617 examinatus,
1577 1541 1717 1621 deposuit
1728 1545 1916 1608 concorditer

94 1667 120 1726 in
140 1663 274 1726 emnitrus
295 1677 364 1726 curu
387 1659 543 1724 Witieimc
566 1657 638 1722 Bird
660 1655 848 1736 supradicto.
891 1657 1102 1738 Depcsuerunt
1124 1658 1248 1736 insuper
1262 1655 1333 1720 dicti
1347 1655 1522 1721 Wiitoimus
1539 1656 1621 1736 itird,
1642 1659 1916 1726 iohannesFeman

95 1791 120 1844 ct
139 1779 298 1844 Nichciaus
319 1779 436 1856 Buten,
464 1777 503 1842 ad
526 1785 596 1840 tunc
618 1777 782 1842 seruientes
804 1775 938 1856 predicte
959 1775 1123 1852 Atdnncie‚
1156 1783 1189 1838 ut
1209 1775 1402 1852 asserebant,
1436 1774 1517 1854 quod
1540 1793 1577 1840 eu
1600 1787 1744 1858 precepto
1765 1781 1843 1844 dicte
1865 1781 1919 1843 tt-

94 1900 202 1972 duncie,
224 1905 256 1962 et
276 1899 402 1962 iberam
422 1912 480 1960 sna
500 1895 609 1972 induti,
632 1893 681 1958 dic
702 1894 820 1958 sabbati
842 1895 982 1974 proxima
1004 1901 1072 1956 ante
1094 1891 1202 1956 festum
1226 1891 1450 1974 Assumpticnir
1472 1895 1609 1975 predicta
1632 1907 1777 1962 venerunt
1800 1900 1918 1964 Londo-

93 2018 165 2080 niam
185 2016 223 2082 ed
246 2017 409 2095 nospitium
431 2015 546 2080 demini
567 2015 686 2080 comitis
702 2011 850 2076 Arundett
871 2020 1010 2076 vocatum
1028 2008 1227 2077 Pcuuteueis
1249 2011 1375 2098 purast]
1397 2017 1427 2075 et
1447 2012 1496 2076 die
1512 2012 1594 2077 Luna
1617 2023 1687 2079 tunc
1709 2020 1848 2097 proxime
1870 2037 1917 2084 sc-

95 2137 194 2213 quenti,
217 2151 286 2200 eum
303 2134 421 2214 prefata
440 2134 587 2200 siduncia
603 2131 642 2197 ad
657 2129 810 2210 quoddam
828 2129 996 2194 brasiniuru
1012 2147 1081 2194 cum
1098 2131 1187 2211 signo
1205 2127 1245 2195 de
1263 2125 1364 2195 Secura
1377 2131 1413 2208 ⁹)
1432 2132 1606 2196 nauicutum
1623 2143 1817 2215 sumpserunt
1834 2145 1863 2200 ct
1880 2139 1918 2202 ad

94 2255 254 2334 hospicium
274 2258 363 2320 unius
378 2255 514 2333 episcopi
526 2254 608 2316 iuxta
624 2249 812 2314 Thamiaiam
829 2250 1025 2331 remigarent,
1044 2256 1073 2314 et
1088 2248 1161 2312 dnm
1178 2247 1285 2312 deiude
1303 2265 1358 2328 per
1376 2265 1500 2328 campos
1519 2267 1624 2315 versus
1641 2253 1753 2317 dictum
1771 2255 1921 2334 hospitate

95 2373 292 2457 sanctiiigidii
308 2374 422 2454 pariter
433 2373 627 2446 transierunt,
648 2383 685 2432 ne
702 2367 825 2447 quidam
844 2366 979 2431 Thomas
995 2367 1101 2430 Purter
1120 2368 1218 2445 ipsam
1229 2365 1411 2430 Atdunciam
1430 2369 1470 2431 ab
1485 2370 1530 2432 eis
1545 2385 1637 2434 manu
1655 2371 1727 2435 torti
1745 2377 1920 2453 accepisset,

95 2501 148 2556 tau
161 2495 227 2572 ipsa
240 2491 400 2568 Atdnucia,
415 2505 507 2569 qnam
518 2491 576 2568 ipsi
593 2493 694 2564 testes,
711 2493 904 2564 utasseruut,
922 2489 1058 2568 maniter
1069 2487 1244 2550 timuerunt
1284 2483 1327 2547 sc
1344 2487 1438 2548 eciam
1452 2487 1667 2567 deposnerunt,
1687 2491 1767 2568 quod
1783 2493 1923 2556 videmnt

94 2620 119 2672 et
128 2611 338 2688 interttreruut,
350 2610 398 2674 rbi
410 2617 481 2687 post
491 2606 791 2686 sotempnisetiouem
803 2605 989 2668 matrimonii
999 2613 1030 2667 et
1042 2607 1165 2669 musam
1178 2604 1360 2684 completum
1370 2603 1494 2683 quidam
1507 2605 1603 2670 irata
1615 2607 1774 2688 hospitatis
1787 2611 1924 2690 predicti,

95 2733 139 2807 qui
160 2731 272 2793 dictam
296 2730 420 2790 missam
436 2725 617 2805 celebrauit,
640 2725 741 2787 tinum
761 2721 799 2786 dc
821 2722 915 2787 catice
936 2724 1001 2786 rice
1022 2729 1208 2788 craterarum
1226 2723 1432 2786 deiiciencicm
1451 2723 1562 2788 ibidem
1580 2727 1702 2806 pcpntis
1723 2731 1924 2796 ministrabat.

239 2843 335 2910 Cuius
362 2843 482 2924 quidem
512 2847 571 2907 acti
599 2851 733 2905 tenorem
756 2856 812 2920 per
833 2847 989 2918 presentes
1012 2839 1127 2904 litteras
1149 2840 1251 2922 sigitic
1273 2840 1364 2905 officii
1388 2845 1484 2906 uestri
1507 2847 1673 2909 maioratus
1695 2849 1825 2911 ciuitatis
1852 2865 1923 2928 pre-

94 2965 165 3028 dicte
186 2965 350 3032 roboratas
371 2961 561 3043 praeemines
582 2959 724 3030 nunnus
744 2958 1040 3037 exemptincaudnm.
1084 2957 1239 3046 Scriptum
1260 2959 1431 3039 uendente,
1454 2962 1592 3040 predicto
1614 2963 1718 3028 ultimo
1741 2967 1790 3030 dte
1812 2965 1924 3031 Febru-

97 3085 156 3160 arii,
179 3099 261 3148 anno
285 3083 371 3164 regni
393 3083 476 3164 regis
497 3079 618 3144 Heurici
640 3079 716 3142 souti
738 3085 809 3158 poet
830 3083 1025 3154 conquestum
1050 3075 1167 3140 decium
1190 3093 1281 3142 nouo.

94 3304 321 3388 LXXXV.
361 3301 762 3386 Prctccoil-Ectacct
793 3301 864 3382 des
888 3297 1017 3381 sarus
1038 3325 1086 3380 sc
1110 3277 1270 3381 mucor
1292 3301 1459 3383 coru12ss
1480 3304 1715 3411 Apust1n21
1744 3311 1840 3389 iiber
1865 3311 1929 3390 dic

123 3459 347 3566 diupeisccy
378 3457 449 3537 der
473 3457 558 3537 nne
586 3455 773 3535 mciecdeu
805 3455 891 3533 dem
915 3452 1044 3532 Rittcr
1068 3453 1189 3534 Peter
1216 3453 1381 3534 Vincesu
1409 3461 1479 3536 mit
1503 3455 1700 3540 Aldccnciu
1723 3461 1898 3544 Pericle.

847 3605 960 3708 andr,
991 3603 1073 3686 niae
1096 3607 1132 3684 5.
1151 3603 1188 3709 ³)

247 3793 406 3858 Vniuersis
428 3801 458 3856 et
478 3791 607 3873 siugulis
628 3788 741 3856 Christi
762 3787 904 3854 fidelibus
930 3788 1119 3868 presencium
1150 3789 1371 3852 continenciam
1400 3791 1509 3854 visuris
1537 3793 1583 3855 vei
1609 3793 1758 3858 audituris
1779 3794 1932 3860 iohannes

98 3911 275 3995 Pattesiey„
289 3915 405 3987 maior,
426 3917 457 3974 et
479 3909 669 3974 aldermanni
690 3909 821 3974 ciuitatis
842 3905 996 3983 Londcn„
1025 3905 1153 3969 amntem
1176 3915 1206 3969 et
1226 3910 1375 3971 sinceram
1397 3909 1427 3970 in
1449 3905 1579 3973 Domino
1599 3913 1767 3976 caritatem.
1805 3909 1815 3994 11
1850 3911 1933 3995 Quia

98 4037 252 4098 veniamur
275 4030 429 4110 plerisque
449 4011 550 4094 min'us
572 4035 675 4092 uotam
698 4031 730 4090 iu
751 4027 848 4092 tuceru
871 4022 1020 4090 deducere
1043 4032 1072 4087 ot
1093 4023 1264 4105 patefecere
1292 4027 1413 4107 pietatis
1439 4026 1575 4091 ¹ctitcium
1603 4047 1669 4094 esse
1698 4040 1875 4111 reputamus
1895 4049 1934 4097 ac

99 4149 132 4214 de
154 4151 311 4216 commissi
333 4149 422 4212 uubis
443 4145 536 4212 cidcii
556 4144 658 4212 detrito
680 4145 720 4210 ad
741 4143 914 4210 huiusmodi
936 4141 1109 4223 speciatiter
1130 4143 1322 4228 cingamur,
1356 4142 1367 4228 11
1400 4145 1471 4209 hinc
1493 4156 1548 4225 est,
1571 4150 1652 4228 qnod
1676 4153 1862 4218 uniuersitati
1886 4169 1934 4216 re

98 4277 157 4334 stre
179 4279 287 4334 tancre
308 4267 499 4345 presencium
521 4265 748 4342 inncmscimus,
770 4261 924 4344 quomodo
947 4261 1090 4326 vicesimo
1112 4263 1277 4358 nermedis
1299 4267 1411 4330 mensis
1434 4265 1538 4329 Marcii
1561 4267 1622 4329 iem
1645 4271 1787 4334 instantis
1809 4285 1935 4349 compa-

256 4486 282 4552 1)
309 4487 465 4537 Pmmreuetr
478 4499 540 4550 pura·
554 4485 617 4548 Lep.
645 4484 799 4538 Pcutteueis
812 4484 871 4535 inu.
906 4482 942 4534 iis
957 4483 1061 4534 senatui
1073 4482 1162 4536 dieses
1177 4485 1213 4536 tm
1227 4485 1394 4550 Kircnspieta
1404 4483 1455 4544 1Δ11
1471 4483 1587 4538 iiuttcus
1606 4487 1794 4549 denuntiari
1810 4487 1936 4552 teteaana

102 4571 224 4623 decenne
243 4571 374 4635 gemine,
400 4569 512 4620 uetabas
531 4571 577 4620 der
596 4569 825 4620 uertcnrersrscer
844 4568 869 4617 tn
889 4568 935 4616 der
953 4565 1079 4618 Urkuude
1098 4580 1158 4620 rom
1175 4569 1254 4621 Junre
1275 4568 1355 4632 1188,
1382 4570 1463 4620 durch
1483 4571 1533 4620 den
1552 4570 1653 4622 Nomen
1672 4576 1824 4638 geminem,
1842 4575 1869 4626 in
1889 4576 1937 4627 dus

101 4659 284 4720 ungrtuzunde
302 4655 453 4717 Ktrctsptet
472 4655 511 4705 St.
529 4655 666 4707 Laurente
684 4653 813 4716 Puttenep
835 4653 957 4713 rerteate.
992 4649 1029 4702 Ea
1052 4651 1089 4703 ist
1111 4654 1199 4704 dieses
1223 4654 1265 4703 etn
1284 4655 1367 4705 sehon
1387 4653 1440 4704 seit
1458 4655 1517 4704 dem
1535 4653 1615 4706 lehre
1635 4651 1701 4709 1309
1726 4657 1936 4710 uachweistrares

101 4741 181 4804 ilaus,
200 4741 315 4794 setene·
333 4739 384 4792 den
396 4740 497 4792 Numen
510 4739 576 4792 cctd
589 4739 745 4803 iiartrruuatn
765 4739 860 4799 murts,
879 4736 928 4790 dee
948 4737 990 4789 ein
1009 4737 1074 4790 nect
1093 4738 1141 4788 der
1153 4738 1268 4796 Thomas
1288 4740 1432 4792 inurendus
1444 4739 1580 4791 damian
1599 4737 1615 4770 ‘⁴
1624 4739 1688 4792 cute
1705 4741 1851 4794 Barncur”
1869 4745 1936 4795 ncetr

104 4828 217 4878 erhatten
243 4827 296 4876 irat.
334 4823 399 4878 1331
423 4827 493 4876 ward
519 4826 642 4876 dassetne
665 4838 716 4876 rou
736 4823 778 4876 Sir
795 4823 864 4874 Jctrn
884 4821 1042 4890 Pontianus,
1071 4824 1116 4873 der
1134 4823 1288 4874 wiedertctt
1310 4825 1359 4876 das
1377 4823 1441 4877 Amt
1458 4824 1506 4876 des
1524 4825 1632 4886 Morere
1651 4826 1809 4890 bekieidete,
1838 4831 1941 4882 ertnuit

103 4911 155 4961 und
172 4913 308 4963 peucine
343 4907 385 4960 Ob
408 4921 438 4959 er
455 4907 539 4972 pteicir
559 4909 647 4962 dieses
665 4909 741 4961 flans
766 4909 851 4959 seibst
868 4908 934 4958 ncctr
954 4919 987 4958 an
1005 4905 1134 4971 Humirep
1152 4905 1184 4958 de
1202 4907 1327 4972 iichune,
1355 4909 1453 4960 Graieu
1471 4923 1521 4960 rcrr
1540 4911 1668 4962 Hereiord
1687 4913 1741 4963 und
1759 4913 1856 4977 Esses,
1880 4928 1941 4965 ver-

104 4995 197 5060 tentes,
217 5009 251 5049 ac
269 4993 339 5046 triten
355 4995 611 5046 denintunam
629 4997 706 5059 iunge
720 4996 796 5057 laeter
813 4995 904 5046 Neruo
942 4989 1009 5045 1485
1026 4991 1144 5043 emetita
1159 4991 1249 5056 munta
1265 4993 1380 5046 ittctrard
1395 4993 1442 5045 111.
1461 4995 1583 5048 dussethe
1602 4997 1703 5048 setnem
1724 4997 1939 5051 flerotds-dmre

106 5087 178 5133 ucter
197 5083 260 5134 dem
278 5082 381 5133 ttamen
401 5080 466 5131 Cutd
484 5079 568 5132 lirum
587 5081 613 5132 tn
632 5081 692 5132 deur
712 5081 815 5134 damete
833 5079 1030 5144 anpennunteu
1047 5077 1215 5142 iitretrspiate
1233 5075 1275 5130 ΑΙΙ
1294 5080 1412 5132 uerrere
1431 5080 1474 5134 rue
1493 5081 1570 5133 Lesa.
1727 5082 1755 5148 ²)
1784 5086 1834 5136 Tau
1851 5083 1940 5148 Secu,

109 5167 179 5218 siene
197 5167 267 5218 Note
283 5161 300 5218 6
322 5178 368 5216 zur
386 5163 512 5216 Urkunde
530 5179 590 5215 vum
608 5165 686 5216 Jntrre
706 5162 779 5229 1138,
796 5165 868 5216 Mira
885 5161 911 5214 8.

261 5267 288 5332 ³)
316 5267 375 5318 Ans
394 5265 454 5318 dem
474 5267 624 5330 Originum,
651 5267 776 5320 rretctrem
796 5267 843 5316 des
862 5277 956 5328 gressa
975 5263 1063 5327 stege!
1088 5264 1135 5315 der
1152 5265 1229 5317 stadt
1246 5265 1358 5317 nondun
1378 5267 1500 5331 antrtngt.
1536 5268 1671 5320 tutatores
1688 5271 1725 5321 ist
1742 5271 1790 5322 dus
1809 5272 1845 5322 im
1863 5270 1943 5324 lature

111 5350 170 5405 1881
192 5353 360 5418 eiuuetihrta
377 5354 426 5405 dea
444 5352 673 5416 Merum-Aratea.
709 5351 786 5404 State
804 5350 934 5402 ttatttaad
951 5350 1060 5414 flietorp
1077 5351 1110 5403 ut
1122 5350 1245 5404 Loudcn.
1264 5352 1294 5402 Τ.
1309 5353 1329 5402 1.
1347 5365 1373 5414 p.
1389 5349 1444 5404 138

1708 5487 1743 5542 98
