4716 6330
693 718 699 728 .
837 659 947 760 1t18,
973 665 1119 738 ocem
1144 664 1179 735 e.
1868 659 1925 744 tt
2030 699 2031 702 κ

99 951 198 1027 osma,
240 945 379 1012 deumne
410 945 605 1030 Tynkeiden,
649 945 787 1013 iohanne
818 945 1000 1031 Geddeney,
1043 949 1196 1034 granerio,
1233 947 1373 1013 'Roberto
1413 947 1559 1022 iloiiand,
1603 947 1764 1023 eberman,
1807 947 1926 1012 ciuibus

98 1066 211 1134 London
247 1075 278 1130 et
305 1067 386 1132 aiiis.
436 1065 547 1132 Datum
573 1065 716 1145 london,
755 1073 865 1147 quana
891 1065 940 1132 die
966 1069 1079 1134 mensis
1106 1065 1203 1145 iunii,
1244 1081 1323 1130 anno
1356 1067 1442 1150 regni
1471 1069 1553 1151 regis
1578 1065 1699 1132 iienrici
1725 1065 1822 1147 quinti
1857 1075 1927 1147 pest

99 1191 286 1266 omqnmtum
307 1185 425 1267 quinto.

97 1356 263 1493 mtvn¹
293 1409 517 1514 ustum,
547 1410 620 1491 oea
647 1409 905 1516 amesae
932 1415 981 1490 cc
1010 1410 1171 1492 ccam
1199 1411 1295 1493 oce
1325 1412 1390 1492 ore
1419 1409 1633 1514 comp
1664 1413 1735 1492 oc
1765 1409 1927 1492 um

270 1587 343 1642 oon
374 1563 464 1642 decr
478 1563 595 1644 iimcc
625 1563 802 1644 obaeitec
832 1563 904 1644 der
927 1559 1093 1666 Sberiffa
1123 1564 1420 1670 oopeossctbeteo
1447 1588 1573 1645 uouere
1598 1558 1743 1644 cottae

790 1713 907 1818 1418,
943 1715 1110 1798 October
1130 1717 1169 1800 2.
1189 1715 1224 1818 ι)

241 1895 399 1960 Vniuersis
421 1903 451 1960 et
472 1896 601 1980 singdis
623 1893 737 1960 Ctrnsti
760 1897 898 1962 bdetibns
919 1899 1110 1979 presencium
1132 1899 1351 1962 continenciam
1373 1899 1483 1963 risoris
1506 1899 1551 1962 vet
1578 1897 1744 1978 audituris,
1780 1897 1878 1959 maior
1899 1903 1928 1959 et

98 2015 279 2081 aldermanni
300 2015 429 2078 ciuitatis
451 2011 576 2078 Londnn
604 2013 735 2078 satutem
761 2023 792 2078 et
813 2017 968 2095 rtriusqne
989 2015 1121 2080 bominis
1143 2017 1329 2096 sospitatem.
1374 2014 1537 2096 Cupientes
1559 2033 1596 2079 er
1618 2014 1711 2079 oidoii
1734 2015 1823 2078 nobis
1843 2029 1928 2076 oom-

99 2135 174 2196 missi
194 2132 298 2196 debito
319 2133 455 2196 veritatis
478 2132 649 2196 testimonio
670 2133 844 2211 subuenire,
867 2141 900 2197 ut
920 2141 1068 2210 tenemur,
1091 2132 1163 2200 bino
1183 2142 1228 2197 est
1248 2133 1332 2213 qnod
1354 2143 1489 2198 tenorem
1512 2133 1669 2198 cniusdam
1685 2133 1803 2196 reeordi
1817 2134 1928 2196 intuitu

98 2253 124 2314 in
144 2267 264 2314 comem
286 2247 438 2315 Gnibatda
459 2251 589 2316 ciuitatis
611 2251 773 2329 antedicta,
803 2251 834 2314 in
862 2249 942 2316 iibro
963 2253 1083 2334 signato
1104 2265 1174 2315 eum
1200 2251 1288 2314 iitera
1309 2251 1337 2316 J.
1360 2249 1434 2318 suo
1456 2251 1662 2316 ducentesimo
1684 2251 1927 2326 terciodecimo,

99 2369 278 2432 aninemitati
299 2375 399 2432 vestre
421 2385 458 2433 ac
479 2369 621 2434 omnibus
642 2377 672 2432 et
692 2369 830 2451 singuiis,
853 2385 984 2449 quornm
1006 2369 1130 2434 interest
1150 2369 1198 2434 rei
1221 2373 1366 2434 interesse
1387 2368 1513 2450 poterit,
1543 2370 1685 2434 duximus
1706 2368 1928 2448 exorspiidoan-

99 2486 174 2564 dum,
196 2487 291 2550 rerba
312 2487 530 2567 subsequenda
552 2479 767 2554 continentem.
781 2487 819 2567 ⁹)

241 2605 329 2670 Nono
351 2605 401 2670 die
422 2605 596 2683 Februarii,
630 2623 711 2670 enno
733 2609 820 2689 regni
850 2610 932 2688 regis
954 2603 1074 2670 ilenrici
1106 2607 1202 2686 quinti
1229 2614 1299 2686 post
1326 2614 1524 2686 conquestum
1552 2607 1672 2686 minio,
1708 2605 1928 2670 venerantius

99 2741 195 2788 coram
215 2723 351 2788 Ricardo
372 2723 530 2802 Meriones,
554 2727 678 2802 maiore,
701 2732 731 2788 et
752 2724 958 2791 aldermannis
980 2725 1111 2789 ciuitatis
1132 2723 1277 2802 medon,
1301 2723 1409 2789 Gobeii
1429 2723 1590 2802 ¹Giinsner,
1612 2723 1819 2790 'i'idamannus
1840 2721 1930 2786 Wes-

99 2843 250 2921 tenbercb,
267 2842 305 2921 ⁸)
336 2841 519 2907 Lodoaricus
540 2842 788 2926 Wodingirusan‚
810 2841 986 2907 &circnma
1006 2839 1187 2924 Cieyborst,
1213 2851 1244 2906 et
1265 2843 1317 2906 aiii
1343 2843 1448 2923 piures
1470 2851 1653 2906 mercatores
1675 2842 1713 2905 de
1736 2837 1836 2906 densa
1858 2842 1930 2905 bie-

99 2962 222 3038 mannis,
246 2963 300 3040 qni
322 2960 446 3026 domum
467 2961 580 3024 babent
601 2962 632 3025 in
655 2959 791 3039 London,
818 2955 1027 3048 Gupbcidam
1053 2957 1303 3027 Teutonicomos
1324 2959 1491 3044 vulgariter
1511 2968 1733 3039 nuncapatum,
1767 2975 1823 3041 pro
1846 2977 1878 3023 se
1900 2967 1930 3022 et

100 3086 156 3142 sota
177 3082 324 3147 societate
351 3095 406 3144 sua
428 3079 467 3142 de
487 3078 584 3144 banse
606 3085 636 3142 et
655 3079 747 3142 dumo
769 3079 906 3158 predicta
937 3094 1063 3161 grauem
1093 3078 1237 3142 tacimtes
1265 3080 1485 3158 querimoniam
1514 3081 1615 3143 taiiter
1643 3081 1674 3142 in
1702 3078 1807 3143 effectu
1834 3081 1930 3141 conti·

99 3205 231 3262 nentemr
253 3197 339 3278 qnod
359 3213 428 3262 carm
450 3206 512 3262 mm
533 3215 590 3279 per
611 3197 750 3262 dicerem
769 3204 871 3261 metas
891 3197 1120 3280 progenitorum
1142 3196 1257 3262 domini
1276 3199 1359 3280 regis
1380 3213 1460 3261 nunc
1480 3197 1594 3261 eisdam
1617 3197 1836 3261 mercatoribus
1858 3213 1930 3259 con-

99 3330 194 3380 cessas
215 3325 247 3379 et
277 3333 332 3396 pnr
360 3315 489 3381 eundem
512 3331 614 3398 regem
637 3315 845 3392 confirmatas,
878 3331 971 3394 mam
991 3331 1048 3396 per
1068 3315 1206 3380 diuersm
1227 3317 1467 3396 campancionos
1489 3325 1519 3380 ct
1546 3315 1672 3380 mcorda
1695 3317 1774 3379 inter
1794 3329 1932 3378 commu·

100 3433 215 3498 mntem
237 3433 318 3498 dicte
338 3435 469 3498 ciuitatis
491 3442 521 3497 et
542 3437 626 3514 ipsos
648 3441 832 3497 mercatores
854 3431 949 3511 iectu,
983 3441 1012 3496 et
1039 3433 1071 3495 in
1092 3429 1244 3498 Guibaide
1272 3433 1351 3497 dicte
1380 3435 1511 3498 ciuitatis
1539 3435 1718 3512 inrotntata,
1752 3446 1929 3497 eoncessum

99 3551 133 3614 sit
153 3560 181 3615 et
201 3551 431 3630 concordatum,
454 3551 537 3632 qnod
559 3551 649 3616 tidem
672 3560 856 3620 mercatores
876 3552 909 3615 in
930 3550 1070 3615 omnibus
1091 3559 1122 3614 et
1143 3550 1273 3634 singuiis
1295 3552 1485 3616 libertatibus
1502 3559 1531 3616 et
1547 3552 1650 3616 biberis
1661 3551 1930 3616 consuetudinibus

100 3670 166 3747 suis,
188 3671 301 3750 acribus
323 3672 367 3734 vsi
390 3669 511 3734 inerunt
532 3679 561 3734 et
581 3671 681 3753 ganisi
703 3685 739 3734 ex
761 3671 896 3749 esuque
920 3677 1185 3737 manmenemnsnr
1205 3679 1236 3733 et
1254 3677 1459 3748 cernerentur,
1483 3677 1513 3733 et
1533 3671 1615 3749 quad
1637 3687 1730 3751 super
1750 3673 1834 3749 ipsos
1850 3685 1931 3732 mer-

101 3795 229 3866 catnres,
264 3790 346 3854 bons
368 3789 415 3852 ret
437 3789 637 3853 mercimonia
657 3805 713 3852 sna
735 3795 873 3852 cusum
896 3803 975 3851 noun
997 3787 1043 3850 rei
1065 3785 1197 3852 indebite
1219 3803 1276 3868 per
1296 3786 1452 3852 dominnm
1479 3805 1601 3872 regem,
1633 3789 1685 3868 qui
1714 3805 1771 3866 pro
1794 3796 1930 3867 tempore

101 3903 201 3985 buerit,
229 3908 376 3984 heredes,
404 3922 597 3972 successores
618 3913 670 3970 aut
692 3904 855 3971 officiarios
877 3921 950 3970 suos
972 3921 1180 3984 quoscunque
1201 3921 1262 3970 non
1284 3914 1465 3987 poneretur,
1488 3905 1548 3970 sed'
1563 3905 1644 3985 quod
1666 3907 1724 3986 ipsi
1747 3913 1931 3969 nreroatores

102 4029 157 4086 tam
176 4026 208 4090 in
230 4028 383 4105 personia,
404 4041 497 4106 quam
518 4025 607 4088 bonis
630 4032 659 4088 et
680 4025 886 4108 meminuniis
908 4025 982 4102 suis,
1006 4023 1043 4088 de
1065 4025 1222 4107 portagio,
1245 4025 1378 4106 panagio
1401 4033 1430 4088 et
1448 4025 1589 4109 macagio
1611 4033 1641 4088 et
1660 4027 1745 4123 omni
1764 4025 1930 4101 exactione,

100 4143 200 4220 prisia,
223 4144 273 4208 rei
295 4148 495 4224 mutacione,
518 4143 695 4223 natalique
717 4141 779 4207 aiio
801 4159 894 4208 onere
915 4159 1008 4224 super
1028 4145 1113 4222 ipsos
1135 4150 1334 4218 mercatores,
1368 4144 1447 4206 bona
1471 4143 1515 4206 rei
1539 4145 1734 4208 mercimonia
1757 4161 1812 4207 sua
1834 4145 1933 4223 impo-

101 4259 211 4340 nendis,
237 4271 339 4328 essent
360 4263 463 4344 quieti.
507 4261 545 4326 iit
565 4263 648 4342 qnod
670 4262 739 4326 iicet
759 4264 819 4342 ipsi
841 4271 1025 4327 mercatores
1047 4261 1086 4326 da
1107 4261 1204 4325 bassa
1227 4259 1405 4324 diemannie
1426 4268 1455 4325 et
1476 4261 1568 4326 domo
1589 4262 1724 4342 predicta
1747 4263 1776 4324 in
1801 4259 1928 4324 London

102 4381 269 4459 emensas,
293 4390 354 4446 tum
375 4383 408 4444 in
422 4381 573 4461 personis,
600 4395 693 4458 quam
710 4381 741 4443 in
764 4381 853 4445 bonis
871 4389 901 4443 et
921 4381 1125 4444 mercimoniis
1138 4381 1212 4452 suis,
1238 4381 1344 4442 virtute
1361 4387 1513 4442 cartarum
1536 4387 1566 4442 et
1587 4380 1840 4458 compositionum
1862 4393 1931 4456 pre-

102 4495 258 4576 cicurum,
281 4501 321 4564 ab
342 4497 525 4563 omnimodis
547 4499 703 4574 custumia,
726 4499 937 4562 exaccionibns
958 4505 988 4560 et
1009 4498 1168 4575 oneribus,
1201 4497 1377 4576 preteritis
1399 4513 1458 4576 que
1480 4497 1510 4559 in
1532 4497 1624 4559 cartis
1645 4505 1676 4559 et
1697 4495 1930 4576 composicioni-

103 4613 152 4679 bus
173 4617 321 4697 predictis
342 4618 541 4694 mutuentur,
564 4631 685 4697 semper
706 4617 852 4681 hactenns
873 4617 966 4695 quieti
988 4614 1099 4679 tuerint
1119 4624 1149 4680 et
1170 4617 1346 4681 exonerati:
1369 4611 1607 4678 tienricuaiiede
1622 4621 1722 4677 tamen
1736 4619 1764 4675 et
1777 4613 1931 4676 iohannes

103 4730 240 4816 Gednap,
270 4753 351 4800 nanno
373 4737 562 4800 vicecomites
584 4735 716 4800 ciuitatis
738 4733 879 4812 Londnn,
909 4732 1115 4797 machinantes
1138 4732 1273 4814 prefatos
1295 4741 1478 4797 mercatores
1503 4730 1669 4795 voluntarie
1690 4745 1878 4813 pregrcaare
1900 4739 1929 4792 et

257 5004 282 5070 ¹)
308 5005 367 5058 Ana
385 5007 446 5058 darn
465 5005 587 5057 Vidimus
606 5007 653 5056 dea
672 5007 841 5069 Magistratus
860 5021 892 5058 sn
910 5007 1023 5057 London
1043 4999 1464 5066 romlnbra1475,tdaiii,in
1483 5003 1542 5053 dem
1562 5001 1609 5053 snt
1624 5002 1783 5065 Pergamena
1801 5013 1850 5052 son
1870 5002 1930 5051 dem

105 5087 228 5140 Secretnir
246 5089 283 5140 Η.
300 5089 456 5152 {tempstort
476 5091 557 5141 sentin
583 5088 788 5153 aeschriebenen
808 5089 986 5152 Copiaibncba
1008 5090 1056 5141 das
1073 5088 1262 5140 Altarmannes
1281 5087 1313 5138 ii.
1331 5087 1517 5150 Lannermnnn
1536 5099 1596 5137 rom
1614 5085 1693 5137 inbre
1713 5083 1779 5138 1595
1797 5086 1851 5136 nnd
1871 5097 1931 5134 rer-

105 5169 200 5232 aiicban
218 5174 271 5226 mit
292 5174 337 5225 dee
360 5173 521 5237 bambnrpsr
539 5173 763 5238 Papiersbscbriit
788 5175 861 5226 einer
885 5175 983 5225 ttitsran
1001 5172 1208 5237 Anstsrtianua,
1235 5171 1397 5236 sussurrant
1419 5173 1446 5223 tn
1465 5172 1525 5223 dem
1543 5171 1645 5234 liaport
1662 5169 1709 5221 der
1726 5170 1830 5222 Record
1849 5168 1932 5220 cnm-

105 5256 220 5308 mianton.
238 5255 540 5322 appendentium
686 5258 712 5322 ²)
740 5255 799 5309 bns
818 5258 878 5310 dam
897 5257 995 5309 bitaran
1013 5257 1080 5309 Tati
1096 5258 1143 5309 das·
1160 5257 1315 5322 bostburpar
1332 5255 1513 5320 Boudaebrift.
1548 5253 1701 5318 Abaaiiirrt
1718 5255 1753 5304 im
1772 5253 1830 5308 MS·
1848 5253 1931 5318 bono.

108 5335 130 5401 ¹)
155 5338 368 5406 Qneetenberpb.
402 5342 497 5394 Hcmb.
