<?xml version="1.0" encoding="UTF-8"?>
<!DOCTYPE html PUBLIC "-//W3C//DTD XHTML 1.0 Transitional//EN"
    "http://www.w3.org/TR/xhtml1/DTD/xhtml1-transitional.dtd">
<html xmlns="http://www.w3.org/1999/xhtml" xml:lang="en" lang="en">
 <head>
  <title>
</title>
<meta http-equiv="Content-Type" content="text/html;charset=utf-8" />
  <meta name='ocr-system' content='tesseract 3.04.00' />
  <meta name='ocr-capabilities' content='ocr_page ocr_carea ocr_par ocr_line ocrx_word'/>
</head>
<body>
  <div class='ocr_page' id='page_1' title='image "./urkundlichegesc01lappgoog/urkundlichegesc01lappgoog_0327.png"; bbox 0 0 4834 6338; ppageno 0'>
   <div class='ocr_carea' id='block_1_1' title="bbox 868 645 1932 746">
    <p class='ocr_par' dir='ltr' id='par_1_1' title="bbox 868 645 1932 746">
     <span class='ocr_line' id='line_1_1' title="bbox 868 645 1932 746; baseline 0.019 -24"><span class='ocrx_word' id='word_1_1' title='bbox 868 647 978 745; x_wconf 80' lang='lat' dir='ltr'>tuto,</span> <span class='ocrx_word' id='word_1_2' title='bbox 1002 653 1125 746; x_wconf 80' lang='lat' dir='ltr'>Augrut</span> <span class='ocrx_word' id='word_1_3' title='bbox 1148 645 1184 720; x_wconf 85' lang='grc'>8.</span> <span class='ocrx_word' id='word_1_4' title='bbox 1851 655 1932 742; x_wconf 79' lang='lat'>131</span> 
     </span>
    </p>
   </div>
   <div class='ocr_carea' id='block_1_2' title="bbox 112 933 1947 4242">
    <p class='ocr_par' dir='ltr' id='par_1_2' title="bbox 112 933 1947 4242">
     <span class='ocr_line' id='line_1_2' title="bbox 113 933 1933 1019; baseline 0.002 -18"><span class='ocrx_word' id='word_1_5' title='bbox 113 938 203 1002; x_wconf 89' lang='lat' dir='ltr'>seisiti</span> <span class='ocrx_word' id='word_1_6' title='bbox 225 939 257 999; x_wconf 90' lang='lat' dir='ltr'>in</span> <span class='ocrx_word' id='word_1_7' title='bbox 280 934 432 1002; x_wconf 85' lang='lat' dir='ltr'>dominico</span> <span class='ocrx_word' id='word_1_8' title='bbox 454 951 510 999; x_wconf 90' lang='lat' dir='ltr'>suo</span> <span class='ocrx_word' id='word_1_9' title='bbox 532 941 564 999; x_wconf 93' lang='lat' dir='ltr'>ut</span> <span class='ocrx_word' id='word_1_10' title='bbox 584 935 623 1000; x_wconf 93' lang='lat' dir='ltr'>de</span> <span class='ocrx_word' id='word_1_11' title='bbox 644 933 733 1000; x_wconf 86' lang='lat' dir='ltr'>ieodo</span> <span class='ocrx_word' id='word_1_12' title='bbox 754 951 821 1014; x_wconf 90' lang='lat' dir='ltr'>suo,</span> <span class='ocrx_word' id='word_1_13' title='bbox 844 937 926 1018; x_wconf 83' lang='lat' dir='ltr'>[in]</span> <span class='ocrx_word' id='word_1_14' title='bbox 947 938 1036 1004; x_wconf 90' lang='lat' dir='ltr'>etde</span> <span class='ocrx_word' id='word_1_15' title='bbox 1057 939 1197 1002; x_wconf 91' lang='lat' dir='ltr'>omnibus</span> <span class='ocrx_word' id='word_1_16' title='bbox 1220 939 1307 1005; x_wconf 91' lang='lat' dir='ltr'>terris</span> <span class='ocrx_word' id='word_1_17' title='bbox 1329 943 1358 1000; x_wconf 88' lang='lat' dir='ltr'>et</span> <span class='ocrx_word' id='word_1_18' title='bbox 1380 940 1563 1018; x_wconf 73' lang='lat' dir='ltr'><strong>tenementis,</strong></span> <span class='ocrx_word' id='word_1_19' title='bbox 1587 939 1763 1019; x_wconf 74' lang='lat' dir='ltr'>redditibus,</span> <span class='ocrx_word' id='word_1_20' title='bbox 1787 941 1933 1006; x_wconf 76' lang='lat' dir='ltr'>reversio</span> 
     </span>
     <span class='ocr_line' id='line_1_3' title="bbox 113 1051 1935 1139; baseline 0.003 -19"><span class='ocrx_word' id='word_1_21' title='bbox 113 1058 197 1120; x_wconf 87' lang='lat' dir='ltr'>nibus</span> <span class='ocrx_word' id='word_1_22' title='bbox 222 1063 253 1119; x_wconf 89' lang='lat' dir='ltr'>et</span> <span class='ocrx_word' id='word_1_23' title='bbox 275 1055 409 1118; x_wconf 85' lang='lat' dir='ltr'>serviciis</span> <span class='ocrx_word' id='word_1_24' title='bbox 431 1053 585 1134; x_wconf 77' lang='lat' dir='ltr'><strong>predictis,</strong></span> <span class='ocrx_word' id='word_1_25' title='bbox 607 1056 637 1118; x_wconf 95' lang='lat' dir='ltr'>in</span> <span class='ocrx_word' id='word_1_26' title='bbox 658 1055 748 1119; x_wconf 89' lang='lat' dir='ltr'>dictis</span> <span class='ocrx_word' id='word_1_27' title='bbox 769 1056 922 1135; x_wconf 85' lang='lat' dir='ltr'>parochiis</span> <span class='ocrx_word' id='word_1_28' title='bbox 949 1053 1103 1122; x_wconf 84' lang='lat' dir='ltr'>Omnium</span> <span class='ocrx_word' id='word_1_29' title='bbox 1127 1051 1322 1121; x_wconf 86' lang='lat' dir='ltr'>Sanctorum</span> <span class='ocrx_word' id='word_1_30' title='bbox 1342 1053 1388 1120; x_wconf 85' lang='lat' dir='ltr'>cd</span> <span class='ocrx_word' id='word_1_31' title='bbox 1408 1053 1530 1139; x_wconf 76' lang='lat' dir='ltr'>senum,</span> <span class='ocrx_word' id='word_1_32' title='bbox 1553 1057 1826 1137; x_wconf 86' lang='lat' dir='ltr'>sanctiPancracii,</span> <span class='ocrx_word' id='word_1_33' title='bbox 1850 1060 1935 1125; x_wconf 89' lang='lat' dir='ltr'>beate</span> 
     </span>
     <span class='ocr_line' id='line_1_4' title="bbox 112 1171 1937 1257; baseline 0.003 -19"><span class='ocrx_word' id='word_1_34' title='bbox 112 1175 203 1238; x_wconf 89' lang='lat' dir='ltr'>blaric</span> <span class='ocrx_word' id='word_1_35' title='bbox 224 1171 402 1250; x_wconf 90' lang='lat' dir='ltr'>Coicbircb,</span> <span class='ocrx_word' id='word_1_36' title='bbox 433 1175 528 1237; x_wconf 88' lang='lat' dir='ltr'>sancti</span> <span class='ocrx_word' id='word_1_37' title='bbox 550 1172 671 1236; x_wconf 86' lang='lat' dir='ltr'>Martini</span> <span class='ocrx_word' id='word_1_38' title='bbox 693 1171 818 1238; x_wconf 88' lang='lat' dir='ltr'>Pomers</span> <span class='ocrx_word' id='word_1_39' title='bbox 840 1182 869 1238; x_wconf 90' lang='lat' dir='ltr'>et</span> <span class='ocrx_word' id='word_1_40' title='bbox 890 1176 986 1239; x_wconf 87' lang='lat' dir='ltr'>sancti</span> <span class='ocrx_word' id='word_1_41' title='bbox 1007 1172 1166 1239; x_wconf 87' lang='lat' dir='ltr'>Lanrcncii</span> <span class='ocrx_word' id='word_1_42' title='bbox 1188 1175 1219 1238; x_wconf 92' lang='lat' dir='ltr'>in</span> <span class='ocrx_word' id='word_1_43' title='bbox 1241 1175 1333 1238; x_wconf 88' lang='lat' dir='ltr'>veteri</span> <span class='ocrx_word' id='word_1_44' title='bbox 1353 1174 1510 1240; x_wconf 84' lang='lat' dir='ltr'>ludaismo</span> <span class='ocrx_word' id='word_1_45' title='bbox 1532 1179 1561 1238; x_wconf 94' lang='lat' dir='ltr'>in</span> <span class='ocrx_word' id='word_1_46' title='bbox 1584 1178 1703 1242; x_wconf 86' lang='lat' dir='ltr'>civitate</span> <span class='ocrx_word' id='word_1_47' title='bbox 1721 1175 1880 1257; x_wconf 77' lang='lat' dir='ltr'>london,</span> <span class='ocrx_word' id='word_1_48' title='bbox 1908 1189 1937 1244; x_wconf 89' lang='lat' dir='ltr'>et</span> 
     </span>
     <span class='ocr_line' id='line_1_5' title="bbox 113 1290 1937 1376; baseline 0.003 -18"><span class='ocrx_word' id='word_1_49' title='bbox 113 1297 140 1358; x_wconf 94' lang='lat' dir='ltr'>in</span> <span class='ocrx_word' id='word_1_50' title='bbox 159 1291 309 1374; x_wconf 85' lang='lat' dir='ltr'>parocbia</span> <span class='ocrx_word' id='word_1_51' title='bbox 330 1294 426 1359; x_wconf 88' lang='lat' dir='ltr'>sancti</span> <span class='ocrx_word' id='word_1_52' title='bbox 447 1290 590 1370; x_wconf 84' lang='lat' dir='ltr'>Botulpbi</span> <span class='ocrx_word' id='word_1_53' title='bbox 611 1300 697 1356; x_wconf 89' lang='lat' dir='ltr'>extra</span> <span class='ocrx_word' id='word_1_54' title='bbox 718 1291 947 1376; x_wconf 76' lang='lat' dir='ltr'>bidericbegele</span> <span class='ocrx_word' id='word_1_55' title='bbox 968 1294 1000 1358; x_wconf 92' lang='grc' dir='ltr'>ιιι</span> <span class='ocrx_word' id='word_1_56' title='bbox 1028 1294 1173 1361; x_wconf 90' lang='lat' dir='ltr'>suburbio</span> <span class='ocrx_word' id='word_1_57' title='bbox 1202 1293 1336 1358; x_wconf 87' lang='lat' dir='ltr'>eiusdem</span> <span class='ocrx_word' id='word_1_58' title='bbox 1365 1295 1509 1373; x_wconf 70' lang='lat' dir='ltr'>cirinum</span> <span class='ocrx_word' id='word_1_59' title='bbox 1525 1296 1560 1376; x_wconf 88' lang='lat'>¹]</span> <span class='ocrx_word' id='word_1_60' title='bbox 1587 1295 1725 1362; x_wconf 87' lang='lat' dir='ltr'>habenda</span> <span class='ocrx_word' id='word_1_61' title='bbox 1752 1305 1781 1364; x_wconf 90' lang='lat' dir='ltr'>et</span> <span class='ocrx_word' id='word_1_62' title='bbox 1810 1298 1937 1364; x_wconf 90' lang='lat' dir='ltr'>tenenda</span> 
     </span>
     <span class='ocr_line' id='line_1_6' title="bbox 114 1409 1937 1503; baseline 0.005 -27"><span class='ocrx_word' id='word_1_63' title='bbox 114 1416 209 1476; x_wconf 92' lang='lat' dir='ltr'>omnia</span> <span class='ocrx_word' id='word_1_64' title='bbox 231 1409 380 1492; x_wconf 82' lang='lat' dir='ltr'>predicte,</span> <span class='ocrx_word' id='word_1_65' title='bbox 402 1420 499 1476; x_wconf 86' lang='lat' dir='ltr'>terras</span> <span class='ocrx_word' id='word_1_66' title='bbox 521 1419 551 1478; x_wconf 91' lang='lat' dir='ltr'>et</span> <span class='ocrx_word' id='word_1_67' title='bbox 571 1419 749 1487; x_wconf 88' lang='lat' dir='ltr'>tenementa,</span> <span class='ocrx_word' id='word_1_68' title='bbox 771 1411 918 1489; x_wconf 91' lang='lat' dir='ltr'>redditus,</span> <span class='ocrx_word' id='word_1_69' title='bbox 939 1413 1125 1480; x_wconf 76' lang='lat' dir='ltr'>reversiones</span> <span class='ocrx_word' id='word_1_70' title='bbox 1146 1421 1176 1476; x_wconf 90' lang='lat' dir='ltr'>et</span> <span class='ocrx_word' id='word_1_71' title='bbox 1196 1413 1334 1490; x_wconf 82' lang='lat' dir='ltr'>servicia,</span> <span class='ocrx_word' id='word_1_72' title='bbox 1356 1429 1425 1478; x_wconf 92' lang='lat' dir='ltr'>cum</span> <span class='ocrx_word' id='word_1_73' title='bbox 1443 1414 1582 1480; x_wconf 88' lang='lat' dir='ltr'>omnibus</span> <span class='ocrx_word' id='word_1_74' title='bbox 1600 1424 1630 1480; x_wconf 92' lang='lat' dir='ltr'>et</span> <span class='ocrx_word' id='word_1_75' title='bbox 1645 1418 1773 1503; x_wconf 79' lang='lat' dir='ltr'>singulis</span> <span class='ocrx_word' id='word_1_76' title='bbox 1787 1421 1851 1484; x_wconf 88' lang='lat' dir='ltr'>suis</span> <span class='ocrx_word' id='word_1_77' title='bbox 1868 1436 1937 1499; x_wconf 87' lang='lat' dir='ltr'>pcr-</span> 
     </span>
     <span class='ocr_line' id='line_1_7' title="bbox 112 1529 1937 1620; baseline 0.004 -24"><span class='ocrx_word' id='word_1_78' title='bbox 112 1532 256 1610; x_wconf 78' lang='lat' dir='ltr'>tinentiis,</span> <span class='ocrx_word' id='word_1_79' title='bbox 282 1539 313 1595; x_wconf 92' lang='lat' dir='ltr'>nl</span> <span class='ocrx_word' id='word_1_80' title='bbox 334 1529 501 1612; x_wconf 87' lang='lat' dir='ltr'>predictum</span> <span class='ocrx_word' id='word_1_81' title='bbox 522 1540 579 1608; x_wconf 90' lang='lat' dir='ltr'>est,</span> <span class='ocrx_word' id='word_1_82' title='bbox 599 1529 725 1610; x_wconf 84' lang='lat' dir='ltr'>prelatis</span> <span class='ocrx_word' id='word_1_83' title='bbox 745 1529 875 1595; x_wconf 79' lang='lat' dir='ltr'>iohanni</span> <span class='ocrx_word' id='word_1_84' title='bbox 896 1530 991 1612; x_wconf 76' lang='lat' dir='ltr'>Nouii,</span> <span class='ocrx_word' id='word_1_85' title='bbox 1014 1529 1144 1596; x_wconf 87' lang='lat' dir='ltr'>ilenrico</span> <span class='ocrx_word' id='word_1_86' title='bbox 1161 1530 1305 1614; x_wconf 80' lang='lat' dir='ltr'>Frowyle,</span> <span class='ocrx_word' id='word_1_87' title='bbox 1328 1529 1458 1596; x_wconf 78' lang='lat' dir='ltr'>iohanni</span> <span class='ocrx_word' id='word_1_88' title='bbox 1477 1530 1777 1616; x_wconf 60' lang='lat' dir='ltr'>Grace,ff&#39;,Willielmo</span> <span class='ocrx_word' id='word_1_89' title='bbox 1792 1535 1937 1620; x_wconf 79' lang='lat' dir='ltr'>Kirlebp,</span> 
     </span>
     <span class='ocr_line' id='line_1_8' title="bbox 114 1648 1939 1738; baseline 0.001 -19"><span class='ocrx_word' id='word_1_90' title='bbox 114 1659 140 1719; x_wconf 87' lang='lat' dir='ltr'>et</span> <span class='ocrx_word' id='word_1_91' title='bbox 158 1648 294 1717; x_wconf 82' lang='lat' dir='ltr'>Ricardo</span> <span class='ocrx_word' id='word_1_92' title='bbox 314 1649 411 1732; x_wconf 75' lang='lat' dir='ltr'>bary,</span> <span class='ocrx_word' id='word_1_93' title='bbox 433 1665 599 1730; x_wconf 82' lang='lat' dir='ltr'>eorumque</span> <span class='ocrx_word' id='word_1_94' title='bbox 620 1649 780 1718; x_wconf 80' lang='lat' dir='ltr'>bemdibm</span> <span class='ocrx_word' id='word_1_95' title='bbox 802 1658 832 1716; x_wconf 91' lang='lat' dir='ltr'>et</span> <span class='ocrx_word' id='word_1_96' title='bbox 852 1653 1014 1734; x_wconf 78' lang='lat' dir='ltr'>assignatis</span> <span class='ocrx_word' id='word_1_97' title='bbox 1035 1652 1273 1731; x_wconf 78' lang='lat' dir='ltr'>imperpetuum,</span> <span class='ocrx_word' id='word_1_98' title='bbox 1306 1660 1398 1732; x_wconf 89' lang='lat' dir='ltr'>pmut</span> <span class='ocrx_word' id='word_1_99' title='bbox 1424 1669 1481 1731; x_wconf 89' lang='lat' dir='ltr'>per</span> <span class='ocrx_word' id='word_1_100' title='bbox 1502 1661 1616 1718; x_wconf 83' lang='lat' dir='ltr'>cartem</span> <span class='ocrx_word' id='word_1_101' title='bbox 1637 1654 1722 1722; x_wconf 85' lang='lat' dir='ltr'>illam</span> <span class='ocrx_word' id='word_1_102' title='bbox 1744 1656 1862 1737; x_wconf 87' lang='lat' dir='ltr'>plenius</span> <span class='ocrx_word' id='word_1_103' title='bbox 1883 1675 1939 1738; x_wconf 89' lang='lat' dir='ltr'>ap·</span> 
     </span>
     <span class='ocr_line' id='line_1_9' title="bbox 114 1766 1939 1854; baseline 0.004 -22"><span class='ocrx_word' id='word_1_104' title='bbox 114 1777 211 1850; x_wconf 88' lang='lat' dir='ltr'>paret:</span> <span class='ocrx_word' id='word_1_105' title='bbox 234 1777 267 1844; x_wconf 86' lang='lat' dir='ltr'>ct</span> <span class='ocrx_word' id='word_1_106' title='bbox 288 1773 359 1849; x_wconf 84' lang='lat' dir='ltr'>quia</span> <span class='ocrx_word' id='word_1_107' title='bbox 381 1769 508 1848; x_wconf 74' lang='lat' dir='ltr'>predicti</span> <span class='ocrx_word' id='word_1_108' title='bbox 529 1768 681 1834; x_wconf 85' lang='lat' dir='ltr'>lebannes</span> <span class='ocrx_word' id='word_1_109' title='bbox 703 1766 817 1846; x_wconf 84' lang='lat' dir='ltr'>Gracc,</span> <span class='ocrx_word' id='word_1_110' title='bbox 851 1769 1035 1837; x_wconf 88' lang='lat' dir='ltr'>Wiliielmus</span> <span class='ocrx_word' id='word_1_111' title='bbox 1055 1769 1190 1852; x_wconf 84' lang='lat' dir='ltr'>liirlreby</span> <span class='ocrx_word' id='word_1_112' title='bbox 1213 1778 1242 1833; x_wconf 88' lang='lat' dir='ltr'>et</span> <span class='ocrx_word' id='word_1_113' title='bbox 1263 1768 1411 1836; x_wconf 89' lang='lat' dir='ltr'>llicardus</span> <span class='ocrx_word' id='word_1_114' title='bbox 1433 1771 1518 1854; x_wconf 79' lang='lat' dir='ltr'>bary</span> <span class='ocrx_word' id='word_1_115' title='bbox 1545 1770 1685 1838; x_wconf 88' lang='lat' dir='ltr'>obierunt</span> <span class='ocrx_word' id='word_1_116' title='bbox 1712 1775 1806 1840; x_wconf 88' lang='lat' dir='ltr'>seisili</span> <span class='ocrx_word' id='word_1_117' title='bbox 1831 1777 1863 1839; x_wconf 91' lang='lat' dir='ltr'>in</span> <span class='ocrx_word' id='word_1_118' title='bbox 1885 1777 1939 1840; x_wconf 91' lang='lat' dir='ltr'>do-</span> 
     </span>
     <span class='ocr_line' id='line_1_10' title="bbox 114 1887 1940 1969; baseline 0.004 -17"><span class='ocrx_word' id='word_1_119' title='bbox 114 1889 219 1954; x_wconf 91' lang='lat' dir='ltr'>minico</span> <span class='ocrx_word' id='word_1_120' title='bbox 240 1904 301 1952; x_wconf 90' lang='lat' dir='ltr'>sno</span> <span class='ocrx_word' id='word_1_121' title='bbox 323 1896 357 1952; x_wconf 91' lang='lat' dir='ltr'>nt</span> <span class='ocrx_word' id='word_1_122' title='bbox 377 1888 415 1955; x_wconf 91' lang='lat' dir='ltr'>de</span> <span class='ocrx_word' id='word_1_123' title='bbox 436 1887 527 1956; x_wconf 87' lang='lat' dir='ltr'>ieodo</span> <span class='ocrx_word' id='word_1_124' title='bbox 547 1904 615 1967; x_wconf 90' lang='lat' dir='ltr'>suc,</span> <span class='ocrx_word' id='word_1_125' title='bbox 638 1888 727 1954; x_wconf 91' lang='lat' dir='ltr'>etde</span> <span class='ocrx_word' id='word_1_126' title='bbox 748 1889 889 1954; x_wconf 88' lang='lat' dir='ltr'>omnibus</span> <span class='ocrx_word' id='word_1_127' title='bbox 911 1892 1001 1954; x_wconf 89' lang='lat' dir='ltr'>terris</span> <span class='ocrx_word' id='word_1_128' title='bbox 1022 1898 1051 1954; x_wconf 91' lang='lat' dir='ltr'>ct</span> <span class='ocrx_word' id='word_1_129' title='bbox 1073 1890 1264 1966; x_wconf 85' lang='lat' dir='ltr'>tenementis,</span> <span class='ocrx_word' id='word_1_130' title='bbox 1298 1889 1479 1969; x_wconf 83' lang='lat' dir='ltr'>redditibus,</span> <span class='ocrx_word' id='word_1_131' title='bbox 1513 1891 1735 1958; x_wconf 85' lang='lat' dir='ltr'>reversionibus</span> <span class='ocrx_word' id='word_1_132' title='bbox 1756 1902 1786 1958; x_wconf 88' lang='lat' dir='ltr'>et</span> <span class='ocrx_word' id='word_1_133' title='bbox 1808 1896 1940 1959; x_wconf 84' lang='lat' dir='ltr'>serviciis</span> 
     </span>
     <span class='ocr_line' id='line_1_11' title="bbox 115 2001 1941 2091; baseline 0.003 -19"><span class='ocrx_word' id='word_1_134' title='bbox 115 2008 265 2089; x_wconf 79' lang='lat' dir='ltr'>predictis,</span> <span class='ocrx_word' id='word_1_135' title='bbox 290 2010 320 2072; x_wconf 92' lang='grc' dir='ltr'>ιιι</span> <span class='ocrx_word' id='word_1_136' title='bbox 342 2007 431 2078; x_wconf 88' lang='lat' dir='ltr'>dictis</span> <span class='ocrx_word' id='word_1_137' title='bbox 452 2006 604 2088; x_wconf 86' lang='lat' dir='ltr'>parocbiis</span> <span class='ocrx_word' id='word_1_138' title='bbox 631 2001 786 2074; x_wconf 78' lang='lat' dir='ltr'>Omnium</span> <span class='ocrx_word' id='word_1_139' title='bbox 808 2004 1003 2076; x_wconf 79' lang='lat' dir='ltr'>Souctomem</span> <span class='ocrx_word' id='word_1_140' title='bbox 1024 2006 1069 2075; x_wconf 84' lang='lat' dir='ltr'>cd</span> <span class='ocrx_word' id='word_1_141' title='bbox 1088 2006 1210 2090; x_wconf 81' lang='lat' dir='ltr'>senuas,</span> <span class='ocrx_word' id='word_1_142' title='bbox 1233 2009 1330 2072; x_wconf 90' lang='lat' dir='ltr'>saneti</span> <span class='ocrx_word' id='word_1_143' title='bbox 1350 2007 1517 2088; x_wconf 86' lang='lat' dir='ltr'>Pancraeii,</span> <span class='ocrx_word' id='word_1_144' title='bbox 1542 2012 1629 2076; x_wconf 89' lang='lat' dir='ltr'>beate</span> <span class='ocrx_word' id='word_1_145' title='bbox 1651 2013 1746 2078; x_wconf 84' lang='lat' dir='ltr'>llario</span> <span class='ocrx_word' id='word_1_146' title='bbox 1768 2011 1941 2091; x_wconf 89' lang='lat' dir='ltr'>Colcbircb,</span> 
     </span>
     <span class='ocr_line' id='line_1_12' title="bbox 114 2124 1940 2213; baseline 0.003 -21"><span class='ocrx_word' id='word_1_147' title='bbox 114 2131 203 2192; x_wconf 76' lang='lat' dir='ltr'>uncti</span> <span class='ocrx_word' id='word_1_148' title='bbox 224 2126 348 2192; x_wconf 81' lang='lat' dir='ltr'>Martini</span> <span class='ocrx_word' id='word_1_149' title='bbox 370 2125 503 2204; x_wconf 88' lang='lat' dir='ltr'>Pomcrs,</span> <span class='ocrx_word' id='word_1_150' title='bbox 525 2133 555 2190; x_wconf 88' lang='lat' dir='ltr'>ct</span> <span class='ocrx_word' id='word_1_151' title='bbox 574 2127 671 2190; x_wconf 87' lang='lat' dir='ltr'>sancti</span> <span class='ocrx_word' id='word_1_152' title='bbox 691 2124 861 2205; x_wconf 86' lang='lat' dir='ltr'>Laurencii,</span> <span class='ocrx_word' id='word_1_153' title='bbox 875 2127 912 2206; x_wconf 62' lang='grc' dir='ltr'>ι)</span> <span class='ocrx_word' id='word_1_154' title='bbox 935 2135 1005 2208; x_wconf 85' lang='lat' dir='ltr'>pest</span> <span class='ocrx_word' id='word_1_155' title='bbox 1024 2141 1155 2208; x_wconf 84' lang='lat' dir='ltr'>quorum</span> <span class='ocrx_word' id='word_1_156' title='bbox 1177 2134 1305 2192; x_wconf 89' lang='lat' dir='ltr'>mortem</span> <span class='ocrx_word' id='word_1_157' title='bbox 1326 2127 1453 2207; x_wconf 88' lang='lat' dir='ltr'>predicti</span> <span class='ocrx_word' id='word_1_158' title='bbox 1475 2126 1639 2213; x_wconf 84' lang='lat' dir='ltr'>ilenricus,</span> <span class='ocrx_word' id='word_1_159' title='bbox 1672 2139 1759 2211; x_wconf 89' lang='lat' dir='ltr'>pater</span> <span class='ocrx_word' id='word_1_160' title='bbox 1781 2148 1881 2208; x_wconf 89' lang='lat' dir='ltr'>meus,</span> <span class='ocrx_word' id='word_1_161' title='bbox 1911 2139 1940 2198; x_wconf 88' lang='lat' dir='ltr'>et</span> 
     </span>
     <span class='ocr_line' id='line_1_13' title="bbox 115 2244 1941 2330; baseline 0.003 -20"><span class='ocrx_word' id='word_1_162' title='bbox 115 2247 263 2312; x_wconf 86' lang='lat' dir='ltr'>lebannes</span> <span class='ocrx_word' id='word_1_163' title='bbox 285 2245 368 2318; x_wconf 81' lang='lat' dir='ltr'>Necti</span> <span class='ocrx_word' id='word_1_164' title='bbox 389 2246 620 2327; x_wconf 86' lang='lat' dir='ltr'>supervixerunt</span> <span class='ocrx_word' id='word_1_165' title='bbox 640 2253 671 2310; x_wconf 86' lang='lat' dir='ltr'>el</span> <span class='ocrx_word' id='word_1_166' title='bbox 690 2261 724 2310; x_wconf 90' lang='lat' dir='ltr'>se</span> <span class='ocrx_word' id='word_1_167' title='bbox 746 2253 904 2312; x_wconf 88' lang='lat' dir='ltr'>tennerunt</span> <span class='ocrx_word' id='word_1_168' title='bbox 924 2247 955 2310; x_wconf 91' lang='lat' dir='ltr'>in</span> <span class='ocrx_word' id='word_1_169' title='bbox 977 2245 1116 2312; x_wconf 91' lang='lat' dir='ltr'>omnibns</span> <span class='ocrx_word' id='word_1_170' title='bbox 1138 2244 1251 2312; x_wconf 89' lang='lat' dir='ltr'>eisdem</span> <span class='ocrx_word' id='word_1_171' title='bbox 1274 2248 1362 2311; x_wconf 86' lang='lat' dir='ltr'>terris</span> <span class='ocrx_word' id='word_1_172' title='bbox 1384 2255 1414 2311; x_wconf 89' lang='lat' dir='ltr'>et</span> <span class='ocrx_word' id='word_1_173' title='bbox 1432 2254 1618 2329; x_wconf 85' lang='lat' dir='ltr'>tenementis,</span> <span class='ocrx_word' id='word_1_174' title='bbox 1640 2249 1817 2330; x_wconf 86' lang='lat' dir='ltr'>redditibus,</span> <span class='ocrx_word' id='word_1_175' title='bbox 1840 2268 1941 2318; x_wconf 85' lang='lat' dir='ltr'>rever·</span> 
     </span>
     <span class='ocr_line' id='line_1_14' title="bbox 116 2363 1943 2450; baseline 0.003 -20"><span class='ocrx_word' id='word_1_176' title='bbox 116 2367 245 2432; x_wconf 86' lang='lat' dir='ltr'>sionibus</span> <span class='ocrx_word' id='word_1_177' title='bbox 271 2374 301 2430; x_wconf 89' lang='lat' dir='ltr'>at</span> <span class='ocrx_word' id='word_1_178' title='bbox 321 2365 456 2430; x_wconf 80' lang='lat' dir='ltr'>serviciis</span> <span class='ocrx_word' id='word_1_179' title='bbox 478 2381 535 2444; x_wconf 92' lang='lat' dir='ltr'>per</span> <span class='ocrx_word' id='word_1_180' title='bbox 555 2366 602 2428; x_wconf 91' lang='lat' dir='ltr'>ins</span> <span class='ocrx_word' id='word_1_181' title='bbox 623 2364 825 2443; x_wconf 86' lang='lat' dir='ltr'>accrescendi,</span> <span class='ocrx_word' id='word_1_182' title='bbox 848 2374 878 2430; x_wconf 93' lang='lat' dir='ltr'>et</span> <span class='ocrx_word' id='word_1_183' title='bbox 898 2363 1020 2430; x_wconf 87' lang='lat' dir='ltr'>inerunt</span> <span class='ocrx_word' id='word_1_184' title='bbox 1040 2365 1111 2431; x_wconf 89' lang='lat' dir='ltr'>inde</span> <span class='ocrx_word' id='word_1_185' title='bbox 1133 2366 1245 2448; x_wconf 85' lang='lat' dir='ltr'>scisiti,</span> <span class='ocrx_word' id='word_1_186' title='bbox 1278 2364 1454 2446; x_wconf 85' lang='lat' dir='ltr'>(videlicet,</span> <span class='ocrx_word' id='word_1_187' title='bbox 1483 2367 1636 2448; x_wconf 89' lang='lat' dir='ltr'>predictus</span> <span class='ocrx_word' id='word_1_188' title='bbox 1657 2368 1822 2449; x_wconf 87' lang='lat' dir='ltr'>licoricus,</span> <span class='ocrx_word' id='word_1_189' title='bbox 1854 2379 1943 2450; x_wconf 79' lang='lat' dir='ltr'>pater</span> 
     </span>
     <span class='ocr_line' id='line_1_15' title="bbox 117 2481 1941 2574; baseline 0.004 -26"><span class='ocrx_word' id='word_1_190' title='bbox 117 2501 205 2564; x_wconf 89' lang='lat' dir='ltr'>meus,</span> <span class='ocrx_word' id='word_1_191' title='bbox 227 2487 261 2549; x_wconf 93' lang='lat' dir='ltr'>in</span> <span class='ocrx_word' id='word_1_192' title='bbox 283 2483 436 2552; x_wconf 89' lang='lat' dir='ltr'>dominico</span> <span class='ocrx_word' id='word_1_193' title='bbox 457 2499 512 2547; x_wconf 92' lang='lat' dir='ltr'>sun</span> <span class='ocrx_word' id='word_1_194' title='bbox 536 2491 567 2547; x_wconf 91' lang='lat' dir='ltr'>ut</span> <span class='ocrx_word' id='word_1_195' title='bbox 588 2481 627 2547; x_wconf 94' lang='lat' dir='ltr'>de</span> <span class='ocrx_word' id='word_1_196' title='bbox 647 2481 748 2574; x_wconf 77' lang='lat' dir='ltr'>feodo,</span> <span class='ocrx_word' id='word_1_197' title='bbox 772 2493 801 2548; x_wconf 89' lang='lat' dir='ltr'>et</span> <span class='ocrx_word' id='word_1_198' title='bbox 822 2485 976 2566; x_wconf 87' lang='lat' dir='ltr'>predictus</span> <span class='ocrx_word' id='word_1_199' title='bbox 989 2483 1122 2548; x_wconf 84' lang='lat' dir='ltr'>lobanes</span> <span class='ocrx_word' id='word_1_200' title='bbox 1134 2483 1218 2548; x_wconf 90' lang='lat' dir='ltr'>Neell</span> <span class='ocrx_word' id='word_1_201' title='bbox 1240 2484 1272 2548; x_wconf 94' lang='lat' dir='ltr'>in</span> <span class='ocrx_word' id='word_1_202' title='bbox 1293 2484 1445 2550; x_wconf 91' lang='lat' dir='ltr'>dominico</span> <span class='ocrx_word' id='word_1_203' title='bbox 1465 2502 1521 2552; x_wconf 88' lang='lat' dir='ltr'>suo</span> <span class='ocrx_word' id='word_1_204' title='bbox 1544 2495 1576 2553; x_wconf 91' lang='lat' dir='ltr'>ut</span> <span class='ocrx_word' id='word_1_205' title='bbox 1597 2487 1635 2552; x_wconf 93' lang='lat' dir='ltr'>dc</span> <span class='ocrx_word' id='word_1_206' title='bbox 1653 2488 1748 2554; x_wconf 90' lang='lat' dir='ltr'>libero</span> <span class='ocrx_word' id='word_1_207' title='bbox 1763 2497 1941 2570; x_wconf 89' lang='lat' dir='ltr'>tenemento,</span> 
     </span>
     <span class='ocr_line' id='line_1_16' title="bbox 119 2601 1944 2685; baseline 0.004 -17"><span class='ocrx_word' id='word_1_208' title='bbox 119 2621 150 2668; x_wconf 90' lang='lat' dir='ltr'>eo</span> <span class='ocrx_word' id='word_1_209' title='bbox 170 2605 251 2685; x_wconf 81' lang='lat' dir='ltr'>quod</span> <span class='ocrx_word' id='word_1_210' title='bbox 276 2603 433 2685; x_wconf 83' lang='lat' dir='ltr'>protessus</span> <span class='ocrx_word' id='word_1_211' title='bbox 454 2601 549 2681; x_wconf 78' lang='lat' dir='ltr'>lnit3)</span> <span class='ocrx_word' id='word_1_212' title='bbox 572 2611 603 2668; x_wconf 92' lang='lat' dir='ltr'>ct</span> <span class='ocrx_word' id='word_1_213' title='bbox 622 2610 730 2682; x_wconf 87' lang='lat' dir='ltr'>postea</span> <span class='ocrx_word' id='word_1_214' title='bbox 752 2603 881 2682; x_wconf 80' lang='lat' dir='ltr'>predicti</span> <span class='ocrx_word' id='word_1_215' title='bbox 900 2601 1058 2682; x_wconf 86' lang='lat' dir='ltr'>ilenricus,</span> <span class='ocrx_word' id='word_1_216' title='bbox 1079 2610 1167 2682; x_wconf 88' lang='lat' dir='ltr'>pater</span> <span class='ocrx_word' id='word_1_217' title='bbox 1187 2619 1291 2682; x_wconf 87' lang='lat' dir='ltr'>meus,</span> <span class='ocrx_word' id='word_1_218' title='bbox 1325 2611 1355 2668; x_wconf 88' lang='lat' dir='ltr'>et</span> <span class='ocrx_word' id='word_1_219' title='bbox 1375 2603 1528 2670; x_wconf 81' lang='lat' dir='ltr'>lohannes</span> <span class='ocrx_word' id='word_1_220' title='bbox 1551 2606 1627 2674; x_wconf 83' lang='lat' dir='ltr'>Neci</span> <span class='ocrx_word' id='word_1_221' title='bbox 1647 2607 1788 2674; x_wconf 90' lang='lat' dir='ltr'>obierunt</span> <span class='ocrx_word' id='word_1_222' title='bbox 1807 2609 1852 2673; x_wconf 89' lang='lat' dir='ltr'>sic</span> <span class='ocrx_word' id='word_1_223' title='bbox 1872 2609 1944 2676; x_wconf 89' lang='lat' dir='ltr'>inde</span> 
     </span>
     <span class='ocr_line' id='line_1_17' title="bbox 121 2721 1944 2810; baseline 0.003 -22"><span class='ocrx_word' id='word_1_224' title='bbox 121 2725 216 2803; x_wconf 86' lang='lat' dir='ltr'>scisiti,</span> <span class='ocrx_word' id='word_1_225' title='bbox 241 2722 393 2810; x_wconf 82' lang='lat' dir='ltr'>(scilieet,</span> <span class='ocrx_word' id='word_1_226' title='bbox 414 2724 514 2804; x_wconf 90' lang='lat' dir='ltr'>primo</span> <span class='ocrx_word' id='word_1_227' title='bbox 536 2722 615 2788; x_wconf 88' lang='lat' dir='ltr'>idem</span> <span class='ocrx_word' id='word_1_228' title='bbox 635 2721 783 2788; x_wconf 86' lang='lat' dir='ltr'>ilenricus</span> <span class='ocrx_word' id='word_1_229' title='bbox 805 2731 835 2788; x_wconf 91' lang='lat' dir='ltr'>et</span> <span class='ocrx_word' id='word_1_230' title='bbox 856 2722 964 2789; x_wconf 86' lang='lat' dir='ltr'>deinde</span> <span class='ocrx_word' id='word_1_231' title='bbox 984 2722 1084 2789; x_wconf 90' lang='lat' dir='ltr'>dictus</span> <span class='ocrx_word' id='word_1_232' title='bbox 1105 2722 1220 2802; x_wconf 87' lang='lat' dir='ltr'>Neel;)</span> <span class='ocrx_word' id='word_1_233' title='bbox 1247 2731 1318 2805; x_wconf 88' lang='lat' dir='ltr'>post</span> <span class='ocrx_word' id='word_1_234' title='bbox 1345 2741 1475 2804; x_wconf 85' lang='lat' dir='ltr'>quornm</span> <span class='ocrx_word' id='word_1_235' title='bbox 1504 2735 1633 2792; x_wconf 90' lang='lat' dir='ltr'>mortem</span> <span class='ocrx_word' id='word_1_236' title='bbox 1654 2729 1787 2794; x_wconf 81' lang='lat' dir='ltr'>reversio</span> <span class='ocrx_word' id='word_1_237' title='bbox 1808 2730 1944 2794; x_wconf 90' lang='lat' dir='ltr'>omnium</span> 
     </span>
     <span class='ocr_line' id='line_1_18' title="bbox 120 2842 1946 2927; baseline 0.004 -21"><span class='ocrx_word' id='word_1_238' title='bbox 120 2853 263 2910; x_wconf 89' lang='lat' dir='ltr'>terrarum</span> <span class='ocrx_word' id='word_1_239' title='bbox 285 2852 316 2908; x_wconf 92' lang='lat' dir='ltr'>et</span> <span class='ocrx_word' id='word_1_240' title='bbox 337 2851 584 2921; x_wconf 88' lang='lat' dir='ltr'>tenementorum,</span> <span class='ocrx_word' id='word_1_241' title='bbox 605 2842 792 2919; x_wconf 90' lang='lat' dir='ltr'>reddituum,</span> <span class='ocrx_word' id='word_1_242' title='bbox 825 2844 1030 2909; x_wconf 79' lang='lat' dir='ltr'>reversionem</span> <span class='ocrx_word' id='word_1_243' title='bbox 1051 2849 1081 2906; x_wconf 91' lang='lat' dir='ltr'>et</span> <span class='ocrx_word' id='word_1_244' title='bbox 1101 2844 1297 2908; x_wconf 80' lang='lat' dir='ltr'>seruiciorum</span> <span class='ocrx_word' id='word_1_245' title='bbox 1323 2842 1543 2924; x_wconf 90' lang='lat' dir='ltr'>predictorum,</span> <span class='ocrx_word' id='word_1_246' title='bbox 1579 2861 1647 2910; x_wconf 89' lang='lat' dir='ltr'>cum</span> <span class='ocrx_word' id='word_1_247' title='bbox 1669 2848 1880 2927; x_wconf 88' lang='lat' dir='ltr'>pertinenciis,</span> <span class='ocrx_word' id='word_1_248' title='bbox 1914 2853 1946 2914; x_wconf 94' lang='lat' dir='ltr'>in</span> 
     </span>
     <span class='ocr_line' id='line_1_19' title="bbox 123 2957 1945 3046; baseline 0.003 -20"><span class='ocrx_word' id='word_1_249' title='bbox 123 2964 259 3044; x_wconf 89' lang='lat' dir='ltr'>predictis</span> <span class='ocrx_word' id='word_1_250' title='bbox 282 2961 436 3044; x_wconf 85' lang='lat' dir='ltr'>perocbiis</span> <span class='ocrx_word' id='word_1_251' title='bbox 462 2959 618 3034; x_wconf 81' lang='lat' dir='ltr'>Omnium</span> <span class='ocrx_word' id='word_1_252' title='bbox 641 2957 836 3030; x_wconf 85' lang='lat' dir='ltr'>Sanctorum</span> <span class='ocrx_word' id='word_1_253' title='bbox 857 2959 903 3028; x_wconf 86' lang='lat' dir='ltr'>ud</span> <span class='ocrx_word' id='word_1_254' title='bbox 922 2959 1052 3045; x_wconf 79' lang='lat' dir='ltr'>fenum,</span> <span class='ocrx_word' id='word_1_255' title='bbox 1085 2963 1182 3024; x_wconf 89' lang='lat' dir='ltr'>sancti</span> <span class='ocrx_word' id='word_1_256' title='bbox 1205 2960 1380 3041; x_wconf 79' lang='lat' dir='ltr'>Pancrscii,</span> <span class='ocrx_word' id='word_1_257' title='bbox 1414 2963 1500 3028; x_wconf 89' lang='lat' dir='ltr'>beate</span> <span class='ocrx_word' id='word_1_258' title='bbox 1522 2963 1616 3028; x_wconf 87' lang='lat' dir='ltr'>biarie</span> <span class='ocrx_word' id='word_1_259' title='bbox 1638 2962 1815 3046; x_wconf 85' lang='lat' dir='ltr'>Colcbircb,</span> <span class='ocrx_word' id='word_1_260' title='bbox 1848 2972 1945 3035; x_wconf 89' lang='lat' dir='ltr'>sancti</span> 
     </span>
     <span class='ocr_line' id='line_1_20' title="bbox 122 3078 1944 3171; baseline 0.004 -24"><span class='ocrx_word' id='word_1_261' title='bbox 122 3081 233 3148; x_wconf 82' lang='lat' dir='ltr'>llnrliui</span> <span class='ocrx_word' id='word_1_262' title='bbox 257 3082 382 3148; x_wconf 88' lang='lat' dir='ltr'>Pomers</span> <span class='ocrx_word' id='word_1_263' title='bbox 415 3089 445 3146; x_wconf 90' lang='lat' dir='ltr'>et</span> <span class='ocrx_word' id='word_1_264' title='bbox 466 3082 561 3146; x_wconf 81' lang='lat' dir='ltr'>senui</span> <span class='ocrx_word' id='word_1_265' title='bbox 590 3079 762 3157; x_wconf 84' lang='lat' dir='ltr'>Laurencii,</span> <span class='ocrx_word' id='word_1_266' title='bbox 795 3080 992 3158; x_wconf 86' lang='lat' dir='ltr'>situatorum,</span> <span class='ocrx_word' id='word_1_267' title='bbox 1026 3078 1117 3144; x_wconf 89' lang='lat' dir='ltr'>michi</span> <span class='ocrx_word' id='word_1_268' title='bbox 1150 3078 1268 3161; x_wconf 80' lang='lat' dir='ltr'>prefato</span> <span class='ocrx_word' id='word_1_269' title='bbox 1296 3080 1429 3160; x_wconf 87' lang='lat' dir='ltr'>Tbome,</span> <span class='ocrx_word' id='word_1_270' title='bbox 1462 3091 1496 3146; x_wconf 89' lang='lat' dir='ltr'>ut</span> <span class='ocrx_word' id='word_1_271' title='bbox 1527 3083 1591 3148; x_wconf 86' lang='lat' dir='ltr'>tilio</span> <span class='ocrx_word' id='word_1_272' title='bbox 1623 3092 1653 3148; x_wconf 89' lang='lat' dir='ltr'>et</span> <span class='ocrx_word' id='word_1_273' title='bbox 1685 3084 1944 3171; x_wconf 72' lang='lat' dir='ltr'>beredlpredicti</span> 
     </span>
     <span class='ocr_line' id='line_1_21' title="bbox 121 3197 1946 3284; baseline 0.004 -18"><span class='ocrx_word' id='word_1_274' title='bbox 121 3201 252 3283; x_wconf 90' lang='lat' dir='ltr'>ilenrici,</span> <span class='ocrx_word' id='word_1_275' title='bbox 275 3203 372 3284; x_wconf 86' lang='lat' dir='ltr'>patris</span> <span class='ocrx_word' id='word_1_276' title='bbox 394 3202 468 3278; x_wconf 90' lang='lat' dir='ltr'>mei,</span> <span class='ocrx_word' id='word_1_277' title='bbox 489 3201 556 3266; x_wconf 89' lang='lat' dir='ltr'>inre</span> <span class='ocrx_word' id='word_1_278' title='bbox 576 3199 759 3264; x_wconf 86' lang='lat' dir='ltr'>hereditario</span> <span class='ocrx_word' id='word_1_279' title='bbox 781 3197 997 3272; x_wconf 75' lang='lat' dir='ltr'>descendebat:</span> <span class='ocrx_word' id='word_1_280' title='bbox 1025 3199 1167 3263; x_wconf 78' lang='lat' dir='ltr'>noveritis</span> <span class='ocrx_word' id='word_1_281' title='bbox 1188 3215 1236 3262; x_wconf 92' lang='lat' dir='ltr'>me</span> <span class='ocrx_word' id='word_1_282' title='bbox 1257 3198 1408 3280; x_wconf 85' lang='lat' dir='ltr'>prelatum</span> <span class='ocrx_word' id='word_1_283' title='bbox 1430 3201 1579 3268; x_wconf 84' lang='lat' dir='ltr'>Tbomem</span> <span class='ocrx_word' id='word_1_284' title='bbox 1601 3205 1769 3283; x_wconf 89' lang='lat' dir='ltr'>remisisse,</span> <span class='ocrx_word' id='word_1_285' title='bbox 1791 3207 1946 3273; x_wconf 80' lang='lat' dir='ltr'>relaxasse</span> 
     </span>
     <span class='ocr_line' id='line_1_22' title="bbox 123 3316 1944 3408; baseline 0.004 -23"><span class='ocrx_word' id='word_1_286' title='bbox 123 3331 147 3386; x_wconf 90' lang='lat' dir='ltr'>et</span> <span class='ocrx_word' id='word_1_287' title='bbox 172 3327 296 3391; x_wconf 91' lang='lat' dir='ltr'>omnino</span> <span class='ocrx_word' id='word_1_288' title='bbox 324 3323 362 3386; x_wconf 92' lang='lat' dir='ltr'>de</span> <span class='ocrx_word' id='word_1_289' title='bbox 390 3337 439 3386; x_wconf 91' lang='lat' dir='ltr'>me</span> <span class='ocrx_word' id='word_1_290' title='bbox 467 3327 497 3384; x_wconf 90' lang='lat' dir='ltr'>ct</span> <span class='ocrx_word' id='word_1_291' title='bbox 522 3317 682 3386; x_wconf 88' lang='lat' dir='ltr'>heredibus</span> <span class='ocrx_word' id='word_1_292' title='bbox 709 3319 784 3385; x_wconf 89' lang='lat' dir='ltr'>meis</span> <span class='ocrx_word' id='word_1_293' title='bbox 810 3322 1031 3398; x_wconf 88' lang='lat' dir='ltr'>imperpetuum</span> <span class='ocrx_word' id='word_1_294' title='bbox 1060 3319 1192 3399; x_wconf 87' lang='lat' dir='ltr'>quietum</span> <span class='ocrx_word' id='word_1_295' title='bbox 1222 3317 1371 3386; x_wconf 86' lang='lat' dir='ltr'>clamasse</span> <span class='ocrx_word' id='word_1_296' title='bbox 1391 3316 1580 3408; x_wconf 79' lang='lat' dir='ltr'>Morpcrete</span> <span class='ocrx_word' id='word_1_297' title='bbox 1601 3319 1678 3390; x_wconf 80' lang='lat' dir='ltr'>Fits</span> <span class='ocrx_word' id='word_1_298' title='bbox 1698 3321 1821 3392; x_wconf 85' lang='lat' dir='ltr'>Rcbert</span> <span class='ocrx_word' id='word_1_299' title='bbox 1846 3326 1944 3406; x_wconf 84' lang='lat' dir='ltr'>vidue,</span> 
     </span>
     <span class='ocr_line' id='line_1_23' title="bbox 123 3435 1945 3524; baseline 0.003 -19"><span class='ocrx_word' id='word_1_300' title='bbox 123 3459 211 3521; x_wconf 87' lang='lat' dir='ltr'>nuper</span> <span class='ocrx_word' id='word_1_301' title='bbox 243 3442 335 3509; x_wconf 85' lang='lat' dir='ltr'>uxori</span> <span class='ocrx_word' id='word_1_302' title='bbox 366 3440 489 3514; x_wconf 79' lang='lat' dir='ltr'>boberti</span> <span class='ocrx_word' id='word_1_303' title='bbox 520 3438 583 3502; x_wconf 85' lang='lat' dir='ltr'>Fitz</span> <span class='ocrx_word' id='word_1_304' title='bbox 616 3437 743 3518; x_wconf 81' lang='lat' dir='ltr'>bobert,</span> <span class='ocrx_word' id='word_1_305' title='bbox 784 3437 838 3504; x_wconf 88' lang='lat' dir='ltr'>biii</span> <span class='ocrx_word' id='word_1_306' title='bbox 869 3437 983 3502; x_wconf 87' lang='lat' dir='ltr'>lioberl</span> <span class='ocrx_word' id='word_1_307' title='bbox 1014 3435 1076 3508; x_wconf 85' lang='lat' dir='ltr'>Fitz</span> <span class='ocrx_word' id='word_1_308' title='bbox 1109 3436 1237 3515; x_wconf 78' lang='lat' dir='ltr'>bobert,</span> <span class='ocrx_word' id='word_1_309' title='bbox 1276 3453 1374 3519; x_wconf 88' lang='lat' dir='ltr'>nuper</span> <span class='ocrx_word' id='word_1_310' title='bbox 1407 3439 1480 3504; x_wconf 82' lang='lat' dir='ltr'>ciris</span> <span class='ocrx_word' id='word_1_311' title='bbox 1512 3448 1543 3506; x_wconf 90' lang='lat' dir='ltr'>et</span> <span class='ocrx_word' id='word_1_312' title='bbox 1574 3443 1692 3524; x_wconf 80' lang='lat' dir='ltr'>groceri</span> <span class='ocrx_word' id='word_1_313' title='bbox 1725 3443 1877 3524; x_wconf 85' lang='lat' dir='ltr'>london,</span> <span class='ocrx_word' id='word_1_314' title='bbox 1913 3449 1945 3510; x_wconf 91' lang='lat' dir='ltr'>iu</span> 
     </span>
     <span class='ocr_line' id='line_1_24' title="bbox 124 3555 1946 3644; baseline 0.002 -20"><span class='ocrx_word' id='word_1_315' title='bbox 124 3562 250 3628; x_wconf 89' lang='lat' dir='ltr'>eiusdem</span> <span class='ocrx_word' id='word_1_316' title='bbox 273 3560 443 3644; x_wconf 76' lang='lat' dir='ltr'>ungerem</span> <span class='ocrx_word' id='word_1_317' title='bbox 465 3558 554 3638; x_wconf 91' lang='lat' dir='ltr'>plena</span> <span class='ocrx_word' id='word_1_318' title='bbox 576 3564 606 3620; x_wconf 92' lang='lat' dir='ltr'>et</span> <span class='ocrx_word' id='word_1_319' title='bbox 626 3555 752 3636; x_wconf 90' lang='lat' dir='ltr'>pacidca</span> <span class='ocrx_word' id='word_1_320' title='bbox 779 3574 814 3621; x_wconf 88' lang='lat' dir='ltr'>ac</span> <span class='ocrx_word' id='word_1_321' title='bbox 836 3558 976 3622; x_wconf 87' lang='lat' dir='ltr'>continua</span> <span class='ocrx_word' id='word_1_322' title='bbox 999 3557 1191 3638; x_wconf 86' lang='lat' dir='ltr'>possessione</span> <span class='ocrx_word' id='word_1_323' title='bbox 1211 3557 1408 3622; x_wconf 80' lang='lat' dir='ltr'>existentibus</span> <span class='ocrx_word' id='word_1_324' title='bbox 1434 3565 1464 3622; x_wconf 88' lang='lat' dir='ltr'>et</span> <span class='ocrx_word' id='word_1_325' title='bbox 1485 3557 1646 3626; x_wconf 88' lang='lat' dir='ltr'>heredibus</span> <span class='ocrx_word' id='word_1_326' title='bbox 1667 3563 1747 3641; x_wconf 85' lang='lat' dir='ltr'>suis,</span> <span class='ocrx_word' id='word_1_327' title='bbox 1781 3570 1876 3628; x_wconf 89' lang='lat' dir='ltr'>totum</span> <span class='ocrx_word' id='word_1_328' title='bbox 1897 3567 1946 3629; x_wconf 88' lang='lat' dir='ltr'>ius</span> 
     </span>
     <span class='ocr_line' id='line_1_25' title="bbox 124 3674 1946 3767; baseline 0.003 -25"><span class='ocrx_word' id='word_1_329' title='bbox 124 3697 233 3760; x_wconf 89' lang='lat' dir='ltr'>meum,</span> <span class='ocrx_word' id='word_1_330' title='bbox 270 3687 397 3760; x_wconf 86' lang='lat' dir='ltr'>sutum,</span> <span class='ocrx_word' id='word_1_331' title='bbox 432 3677 565 3756; x_wconf 86' lang='lat' dir='ltr'>titulum,</span> <span class='ocrx_word' id='word_1_332' title='bbox 597 3676 764 3753; x_wconf 88' lang='lat' dir='ltr'>clameum,</span> <span class='ocrx_word' id='word_1_333' title='bbox 797 3674 977 3743; x_wconf 86' lang='lat' dir='ltr'>demandam</span> <span class='ocrx_word' id='word_1_334' title='bbox 1005 3684 1036 3740; x_wconf 89' lang='lat' dir='ltr'>et</span> <span class='ocrx_word' id='word_1_335' title='bbox 1063 3677 1222 3754; x_wconf 83' lang='lat' dir='ltr'>interesse,</span> <span class='ocrx_word' id='word_1_336' title='bbox 1255 3689 1314 3756; x_wconf 82' lang='lat' dir='ltr'>nere</span> <span class='ocrx_word' id='word_1_337' title='bbox 1331 3691 1475 3767; x_wconf 25' lang='lat' dir='ltr'>‘unquam</span> <span class='ocrx_word' id='word_1_338' title='bbox 1503 3677 1612 3757; x_wconf 86' lang='lat' dir='ltr'>habui,</span> <span class='ocrx_word' id='word_1_339' title='bbox 1647 3679 1745 3746; x_wconf 86' lang='lat' dir='ltr'>babeo</span> <span class='ocrx_word' id='word_1_340' title='bbox 1766 3698 1820 3748; x_wconf 89' lang='lat' dir='ltr'>scu</span> <span class='ocrx_word' id='word_1_341' title='bbox 1840 3683 1946 3764; x_wconf 85' lang='lat' dir='ltr'>aliquo</span> 
     </span>
     <span class='ocr_line' id='line_1_26' title="bbox 125 3794 1945 3882; baseline 0.003 -20"><span class='ocrx_word' id='word_1_342' title='bbox 125 3800 207 3864; x_wconf 91' lang='lat' dir='ltr'>modo</span> <span class='ocrx_word' id='word_1_343' title='bbox 235 3803 304 3866; x_wconf 89' lang='lat' dir='ltr'>iure</span> <span class='ocrx_word' id='word_1_344' title='bbox 330 3799 375 3864; x_wconf 84' lang='lat' dir='ltr'>sel</span> <span class='ocrx_word' id='word_1_345' title='bbox 405 3797 492 3862; x_wconf 87' lang='lat' dir='ltr'>titulo</span> <span class='ocrx_word' id='word_1_346' title='bbox 518 3799 550 3860; x_wconf 93' lang='grc' dir='ltr'>ιιι</span> <span class='ocrx_word' id='word_1_347' title='bbox 578 3795 714 3862; x_wconf 86' lang='lat' dir='ltr'>loturum</span> <span class='ocrx_word' id='word_1_348' title='bbox 741 3794 854 3862; x_wconf 86' lang='lat' dir='ltr'>habere</span> <span class='ocrx_word' id='word_1_349' title='bbox 880 3803 1005 3876; x_wconf 90' lang='lat' dir='ltr'>potero,</span> <span class='ocrx_word' id='word_1_350' title='bbox 1037 3794 1075 3860; x_wconf 89' lang='lat' dir='ltr'>de</span> <span class='ocrx_word' id='word_1_351' title='bbox 1104 3803 1133 3860; x_wconf 91' lang='lat' dir='ltr'>et</span> <span class='ocrx_word' id='word_1_352' title='bbox 1154 3795 1184 3858; x_wconf 91' lang='lat' dir='ltr'>in</span> <span class='ocrx_word' id='word_1_353' title='bbox 1213 3794 1352 3861; x_wconf 90' lang='lat' dir='ltr'>omnibus</span> <span class='ocrx_word' id='word_1_354' title='bbox 1378 3799 1467 3862; x_wconf 88' lang='lat' dir='ltr'>terris</span> <span class='ocrx_word' id='word_1_355' title='bbox 1495 3807 1525 3862; x_wconf 93' lang='lat' dir='ltr'>et</span> <span class='ocrx_word' id='word_1_356' title='bbox 1546 3802 1737 3880; x_wconf 88' lang='lat' dir='ltr'>tenementis,</span> <span class='ocrx_word' id='word_1_357' title='bbox 1769 3801 1945 3882; x_wconf 88' lang='lat' dir='ltr'>redditibus,</span> 
     </span>
     <span class='ocr_line' id='line_1_27' title="bbox 126 3913 1945 4016; baseline 0.003 -34"><span class='ocrx_word' id='word_1_358' title='bbox 126 3920 341 3989; x_wconf 79' lang='lat' dir='ltr'>reversionibus</span> <span class='ocrx_word' id='word_1_359' title='bbox 361 3926 392 3982; x_wconf 92' lang='lat' dir='ltr'>et</span> <span class='ocrx_word' id='word_1_360' title='bbox 412 3916 547 3990; x_wconf 82' lang='lat' dir='ltr'>serviciis</span> <span class='ocrx_word' id='word_1_361' title='bbox 568 3913 726 3996; x_wconf 87' lang='lat' dir='ltr'>predictis,</span> <span class='ocrx_word' id='word_1_362' title='bbox 753 3931 824 3978; x_wconf 90' lang='lat' dir='ltr'>cum</span> <span class='ocrx_word' id='word_1_363' title='bbox 844 3915 907 3979; x_wconf 89' lang='lat' dir='ltr'>suis</span> <span class='ocrx_word' id='word_1_364' title='bbox 929 3913 1138 3994; x_wconf 85' lang='lat' dir='ltr'>pertinenciis,</span> <span class='ocrx_word' id='word_1_365' title='bbox 1166 3915 1198 3976; x_wconf 93' lang='lat' dir='ltr'>in</span> <span class='ocrx_word' id='word_1_366' title='bbox 1218 3913 1362 3994; x_wconf 91' lang='lat' dir='ltr'>predictis</span> <span class='ocrx_word' id='word_1_367' title='bbox 1383 3915 1538 4016; x_wconf 76' lang='lat' dir='ltr'>pnrpcbiis</span> <span class='ocrx_word' id='word_1_368' title='bbox 1563 3913 1717 3984; x_wconf 80' lang='grc' dir='ltr'>θιιιιιιιιιιι</span> <span class='ocrx_word' id='word_1_369' title='bbox 1737 3917 1945 4006; x_wconf 81' lang='lat' dir='ltr'>Sanctorum,</span> 
     </span>
     <span class='ocr_line' id='line_1_28' title="bbox 126 4031 1947 4121; baseline 0.002 -17"><span class='ocrx_word' id='word_1_370' title='bbox 126 4043 215 4108; x_wconf 84' lang='lat' dir='ltr'>sancti</span> <span class='ocrx_word' id='word_1_371' title='bbox 234 4039 388 4108; x_wconf 81' lang='lat' dir='ltr'>Pancratii</span> <span class='ocrx_word' id='word_1_372' title='bbox 409 4045 438 4100; x_wconf 89' lang='lat' dir='ltr'>et</span> <span class='ocrx_word' id='word_1_373' title='bbox 459 4037 553 4100; x_wconf 89' lang='lat' dir='ltr'>sancti</span> <span class='ocrx_word' id='word_1_374' title='bbox 576 4033 733 4101; x_wconf 82' lang='lat' dir='ltr'>Laureneii</span> <span class='ocrx_word' id='word_1_375' title='bbox 755 4035 882 4101; x_wconf 78' lang='lat' dir='ltr'>ciuitatis</span> <span class='ocrx_word' id='word_1_376' title='bbox 910 4033 1056 4116; x_wconf 87' lang='lat' dir='ltr'>predicte.</span> <span class='ocrx_word' id='word_1_377' title='bbox 1070 4033 1107 4112; x_wconf 82' lang='lat'>³]</span> <span class='ocrx_word' id='word_1_378' title='bbox 1151 4032 1209 4111; x_wconf 80' lang='lat' dir='ltr'>lte,</span> <span class='ocrx_word' id='word_1_379' title='bbox 1239 4031 1377 4100; x_wconf 81' lang='lat' dir='ltr'>videlicet</span> <span class='ocrx_word' id='word_1_380' title='bbox 1398 4035 1479 4114; x_wconf 87' lang='lat' dir='ltr'>quod</span> <span class='ocrx_word' id='word_1_381' title='bbox 1501 4053 1556 4102; x_wconf 92' lang='lat' dir='ltr'>uec</span> <span class='ocrx_word' id='word_1_382' title='bbox 1578 4054 1635 4121; x_wconf 82' lang='lat' dir='ltr'>ego</span> <span class='ocrx_word' id='word_1_383' title='bbox 1655 4038 1793 4118; x_wconf 89' lang='lat' dir='ltr'>prelatus</span> <span class='ocrx_word' id='word_1_384' title='bbox 1814 4039 1947 4108; x_wconf 85' lang='lat' dir='ltr'>Tbomes</span> 
     </span>
     <span class='ocr_line' id='line_1_29' title="bbox 126 4153 1945 4242; baseline 0.006 -26"><span class='ocrx_word' id='word_1_385' title='bbox 126 4154 267 4242; x_wconf 77' lang='lat' dir='ltr'>irowyls,</span> <span class='ocrx_word' id='word_1_386' title='bbox 300 4173 354 4225; x_wconf 88' lang='lat' dir='ltr'>nec</span> <span class='ocrx_word' id='word_1_387' title='bbox 386 4155 512 4223; x_wconf 80' lang='lat' dir='ltr'>heredes</span> <span class='ocrx_word' id='word_1_388' title='bbox 541 4155 615 4232; x_wconf 84' lang='lat' dir='ltr'>unci,</span> <span class='ocrx_word' id='word_1_389' title='bbox 649 4169 704 4221; x_wconf 87' lang='lat' dir='ltr'>nec</span> <span class='ocrx_word' id='word_1_390' title='bbox 731 4153 841 4234; x_wconf 79' lang='lat' dir='ltr'>alionis</span> <span class='ocrx_word' id='word_1_391' title='bbox 870 4153 948 4218; x_wconf 90' lang='lat' dir='ltr'>alius</span> <span class='ocrx_word' id='word_1_392' title='bbox 981 4169 1038 4237; x_wconf 88' lang='lat' dir='ltr'>pro</span> <span class='ocrx_word' id='word_1_393' title='bbox 1067 4153 1156 4218; x_wconf 91' lang='lat' dir='ltr'>nobis</span> <span class='ocrx_word' id='word_1_394' title='bbox 1187 4169 1242 4220; x_wconf 92' lang='lat' dir='ltr'>seu</span> <span class='ocrx_word' id='word_1_395' title='bbox 1267 4154 1390 4220; x_wconf 90' lang='lat' dir='ltr'>nomine</span> <span class='ocrx_word' id='word_1_396' title='bbox 1418 4163 1538 4234; x_wconf 91' lang='lat' dir='ltr'>nostro,</span> <span class='ocrx_word' id='word_1_397' title='bbox 1573 4157 1695 4237; x_wconf 80' lang='lat' dir='ltr'>aliquod</span> <span class='ocrx_word' id='word_1_398' title='bbox 1724 4161 1789 4238; x_wconf 89' lang='lat' dir='ltr'>ius,</span> <span class='ocrx_word' id='word_1_399' title='bbox 1822 4169 1945 4240; x_wconf 89' lang='lat' dir='ltr'>statum,</span> 
     </span>
    </p>
   </div>
   <div class='ocr_carea' id='block_1_3' title="bbox 127 4271 2091 4361">
    <p class='ocr_par' dir='ltr' id='par_1_3' title="bbox 127 4271 2091 4361">
     <span class='ocr_line' id='line_1_30' title="bbox 127 4271 2091 4361; baseline 0.002 -19"><span class='ocrx_word' id='word_1_400' title='bbox 127 4278 261 4360; x_wconf 87' lang='lat' dir='ltr'>titulum,</span> <span class='ocrx_word' id='word_1_401' title='bbox 292 4277 457 4354; x_wconf 81' lang='lat' dir='ltr'>clamenus,</span> <span class='ocrx_word' id='word_1_402' title='bbox 489 4273 669 4340; x_wconf 88' lang='lat' dir='ltr'>demandam</span> <span class='ocrx_word' id='word_1_403' title='bbox 698 4289 752 4338; x_wconf 90' lang='lat' dir='ltr'>seu</span> <span class='ocrx_word' id='word_1_404' title='bbox 778 4275 938 4352; x_wconf 87' lang='lat' dir='ltr'>interesse,</span> <span class='ocrx_word' id='word_1_405' title='bbox 972 4273 1010 4340; x_wconf 90' lang='lat' dir='ltr'>de</span> <span class='ocrx_word' id='word_1_406' title='bbox 1037 4281 1068 4336; x_wconf 89' lang='lat' dir='ltr'>et</span> <span class='ocrx_word' id='word_1_407' title='bbox 1088 4274 1119 4336; x_wconf 94' lang='lat' dir='ltr'>in</span> <span class='ocrx_word' id='word_1_408' title='bbox 1149 4271 1260 4339; x_wconf 88' lang='lat' dir='ltr'>eisdem</span> <span class='ocrx_word' id='word_1_409' title='bbox 1289 4276 1378 4340; x_wconf 89' lang='lat' dir='ltr'>terris</span> <span class='ocrx_word' id='word_1_410' title='bbox 1404 4282 1434 4338; x_wconf 90' lang='lat' dir='ltr'>et</span> <span class='ocrx_word' id='word_1_411' title='bbox 1460 4279 1636 4341; x_wconf 87' lang='lat' dir='ltr'>tenementis</span> <span class='ocrx_word' id='word_1_412' title='bbox 1657 4293 1727 4344; x_wconf 89' lang='lat' dir='ltr'>cum</span> <span class='ocrx_word' id='word_1_413' title='bbox 1747 4282 1855 4344; x_wconf 90' lang='lat' dir='ltr'>ceteris</span> <span class='ocrx_word' id='word_1_414' title='bbox 1876 4299 1947 4361; x_wconf 89' lang='lat' dir='ltr'>pre-</span> <span class='ocrx_word' id='word_1_415' title='bbox 2086 4325 2091 4336; x_wconf 83' lang='lat'><strong>·</strong></span> 
     </span>
    </p>
   </div>
   <div class='ocr_carea' id='block_1_4' title="bbox 128 4391 1949 4953">
    <p class='ocr_par' dir='ltr' id='par_1_4' title="bbox 128 4391 1949 4953">
     <span class='ocr_line' id='line_1_31' title="bbox 128 4391 1948 4477; baseline 0.001 -15"><span class='ocrx_word' id='word_1_416' title='bbox 128 4397 239 4476; x_wconf 79' lang='lat' dir='ltr'>missis,</span> <span class='ocrx_word' id='word_1_417' title='bbox 268 4413 322 4463; x_wconf 86' lang='lat' dir='ltr'>sco</span> <span class='ocrx_word' id='word_1_418' title='bbox 351 4399 383 4458; x_wconf 93' lang='lat' dir='ltr'>in</span> <span class='ocrx_word' id='word_1_419' title='bbox 408 4394 510 4474; x_wconf 80' lang='lat' dir='ltr'>aliqua</span> <span class='ocrx_word' id='word_1_420' title='bbox 531 4393 603 4458; x_wconf 91' lang='lat' dir='ltr'>inde</span> <span class='ocrx_word' id='word_1_421' title='bbox 622 4392 775 4473; x_wconf 77' lang='lat' dir='ltr'>pamella,</span> <span class='ocrx_word' id='word_1_422' title='bbox 802 4391 839 4464; x_wconf 85' lang='lat' dir='ltr'>de</span> <span class='ocrx_word' id='word_1_423' title='bbox 868 4399 966 4458; x_wconf 76' lang='lat' dir='ltr'>ceuro</span> <span class='ocrx_word' id='word_1_424' title='bbox 993 4392 1113 4475; x_wconf 77' lang='lat' dir='ltr'>exigere</span> <span class='ocrx_word' id='word_1_425' title='bbox 1140 4392 1272 4459; x_wconf 83' lang='lat' dir='ltr'>ciamare</span> <span class='ocrx_word' id='word_1_426' title='bbox 1300 4410 1353 4458; x_wconf 91' lang='lat' dir='ltr'>scu</span> <span class='ocrx_word' id='word_1_427' title='bbox 1380 4394 1538 4460; x_wconf 75' lang='lat' dir='ltr'>vendicare</span> <span class='ocrx_word' id='word_1_428' title='bbox 1566 4398 1733 4474; x_wconf 88' lang='lat' dir='ltr'>poterimus</span> <span class='ocrx_word' id='word_1_429' title='bbox 1759 4406 1811 4460; x_wconf 86' lang='lat' dir='ltr'>eut</span> <span class='ocrx_word' id='word_1_430' title='bbox 1835 4401 1948 4477; x_wconf 89' lang='lat' dir='ltr'>poterit</span> 
     </span>
     <span class='ocr_line' id='line_1_32' title="bbox 128 4511 1947 4594; baseline 0.005 -20"><span class='ocrx_word' id='word_1_431' title='bbox 128 4514 155 4576; x_wconf 90' lang='lat' dir='ltr'>in</span> <span class='ocrx_word' id='word_1_432' title='bbox 176 4515 310 4588; x_wconf 87' lang='lat' dir='ltr'>lotorum</span> <span class='ocrx_word' id='word_1_433' title='bbox 332 4513 384 4580; x_wconf 89' lang='lat' dir='ltr'>scd</span> <span class='ocrx_word' id='word_1_434' title='bbox 406 4515 446 4578; x_wconf 90' lang='lat' dir='ltr'>ab</span> <span class='ocrx_word' id='word_1_435' title='bbox 468 4513 550 4578; x_wconf 91' lang='lat' dir='ltr'>omni</span> <span class='ocrx_word' id='word_1_436' title='bbox 572 4513 705 4589; x_wconf 79' lang='lat' dir='ltr'>audone,</span> <span class='ocrx_word' id='word_1_437' title='bbox 731 4514 812 4589; x_wconf 91' lang='lat' dir='ltr'>iure,</span> <span class='ocrx_word' id='word_1_438' title='bbox 840 4511 943 4590; x_wconf 76' lang='lat' dir='ltr'>ululo,</span> <span class='ocrx_word' id='word_1_439' title='bbox 975 4511 1108 4588; x_wconf 84' lang='lat' dir='ltr'>clamen,</span> <span class='ocrx_word' id='word_1_440' title='bbox 1138 4511 1286 4577; x_wconf 88' lang='lat' dir='ltr'>demanda</span> <span class='ocrx_word' id='word_1_441' title='bbox 1307 4529 1362 4578; x_wconf 86' lang='lat' dir='ltr'>sen</span> <span class='ocrx_word' id='word_1_442' title='bbox 1383 4513 1529 4578; x_wconf 86' lang='lat' dir='ltr'>interesse</span> <span class='ocrx_word' id='word_1_443' title='bbox 1550 4512 1621 4578; x_wconf 90' lang='lat' dir='ltr'>inde</span> <span class='ocrx_word' id='word_1_444' title='bbox 1648 4514 1784 4594; x_wconf 89' lang='lat' dir='ltr'>petendis</span> <span class='ocrx_word' id='word_1_445' title='bbox 1814 4517 1947 4584; x_wconf 80' lang='lat' dir='ltr'>uultur</span> 
     </span>
     <span class='ocr_line' id='line_1_33' title="bbox 130 4629 1947 4718; baseline 0.003 -20"><span class='ocrx_word' id='word_1_446' title='bbox 130 4648 228 4702; x_wconf 81' lang='lat' dir='ltr'>sumtu</span> <span class='ocrx_word' id='word_1_447' title='bbox 259 4635 374 4700; x_wconf 79' lang='lat' dir='ltr'>exclusi</span> <span class='ocrx_word' id='word_1_448' title='bbox 406 4634 626 4713; x_wconf 87' lang='lat' dir='ltr'>imperpetuum</span> <span class='ocrx_word' id='word_1_449' title='bbox 658 4647 713 4713; x_wconf 87' lang='lat' dir='ltr'>per</span> <span class='ocrx_word' id='word_1_450' title='bbox 744 4638 909 4711; x_wconf 80' lang='lat' dir='ltr'>presentes.</span> <span class='ocrx_word' id='word_1_451' title='bbox 964 4629 997 4694; x_wconf 92' lang='lat' dir='ltr'>ln</span> <span class='ocrx_word' id='word_1_452' title='bbox 1027 4633 1115 4694; x_wconf 90' lang='lat' dir='ltr'>euius</span> <span class='ocrx_word' id='word_1_453' title='bbox 1154 4632 1198 4696; x_wconf 89' lang='lat' dir='ltr'>rei</span> <span class='ocrx_word' id='word_1_454' title='bbox 1227 4633 1435 4718; x_wconf 66' lang='lat' dir='ltr'>,cummium</span> <span class='ocrx_word' id='word_1_455' title='bbox 1457 4631 1537 4696; x_wconf 25' lang='lat' dir='ltr'>sbuic</span> <span class='ocrx_word' id='word_1_456' title='bbox 1568 4634 1701 4713; x_wconf 89' lang='lat' dir='ltr'>presenti</span> <span class='ocrx_word' id='word_1_457' title='bbox 1733 4639 1847 4715; x_wconf 88' lang='lat' dir='ltr'>scripto</span> <span class='ocrx_word' id='word_1_458' title='bbox 1879 4655 1947 4703; x_wconf 89' lang='lat' dir='ltr'>meo</span> 
     </span>
     <span class='ocr_line' id='line_1_34' title="bbox 131 4749 1949 4838; baseline 0.004 -24"><span class='ocrx_word' id='word_1_459' title='bbox 131 4753 259 4835; x_wconf 77' lang='lat' dir='ltr'>sigillum</span> <span class='ocrx_word' id='word_1_460' title='bbox 288 4769 388 4820; x_wconf 90' lang='lat' dir='ltr'>meum</span> <span class='ocrx_word' id='word_1_461' title='bbox 414 4752 555 4834; x_wconf 84' lang='lat' dir='ltr'>apposui.</span> <span class='ocrx_word' id='word_1_462' title='bbox 598 4750 707 4816; x_wconf 82' lang='lat' dir='ltr'>ilatum</span> <span class='ocrx_word' id='word_1_463' title='bbox 735 4761 841 4818; x_wconf 81' lang='lat' dir='ltr'>octauo</span> <span class='ocrx_word' id='word_1_464' title='bbox 867 4749 916 4817; x_wconf 92' lang='lat' dir='ltr'>dic</span> <span class='ocrx_word' id='word_1_465' title='bbox 942 4752 1055 4816; x_wconf 89' lang='lat' dir='ltr'>mensis</span> <span class='ocrx_word' id='word_1_466' title='bbox 1076 4749 1221 4835; x_wconf 74' lang='lat' dir='ltr'>burgasti,</span> <span class='ocrx_word' id='word_1_467' title='bbox 1254 4767 1333 4817; x_wconf 87' lang='lat' dir='ltr'>anuo</span> <span class='ocrx_word' id='word_1_468' title='bbox 1362 4752 1448 4835; x_wconf 80' lang='lat' dir='ltr'>regni</span> <span class='ocrx_word' id='word_1_469' title='bbox 1475 4755 1556 4835; x_wconf 83' lang='lat' dir='ltr'>regis</span> <span class='ocrx_word' id='word_1_470' title='bbox 1579 4750 1721 4818; x_wconf 83' lang='lat' dir='ltr'>Edwardi</span> <span class='ocrx_word' id='word_1_471' title='bbox 1750 4759 1850 4834; x_wconf 74' lang='lat' dir='ltr'>quarti</span> <span class='ocrx_word' id='word_1_472' title='bbox 1879 4765 1949 4838; x_wconf 88' lang='lat' dir='ltr'>post</span> 
     </span>
     <span class='ocr_line' id='line_1_35' title="bbox 132 4871 470 4953; baseline 0.006 -19"><span class='ocrx_word' id='word_1_473' title='bbox 132 4883 321 4953; x_wconf 77' lang='lat' dir='ltr'>monoculum</span> <span class='ocrx_word' id='word_1_474' title='bbox 342 4871 470 4938; x_wconf 88' lang='lat' dir='ltr'>decimo.</span> 
     </span>
    </p>
   </div>
   <div class='ocr_carea' id='block_1_5' title="bbox 283 5193 1950 5264">
    <p class='ocr_par' dir='ltr' id='par_1_5' title="bbox 283 5193 1950 5264">
     <span class='ocr_line' id='line_1_36' title="bbox 283 5193 1950 5264; baseline 0.004 -18"><span class='ocrx_word' id='word_1_475' title='bbox 283 5196 307 5262; x_wconf 89' lang='lat'>¹)</span> <span class='ocrx_word' id='word_1_476' title='bbox 333 5197 371 5248; x_wconf 85' lang='lat' dir='ltr'>Es</span> <span class='ocrx_word' id='word_1_477' title='bbox 390 5194 475 5247; x_wconf 83' lang='lat' dir='ltr'>lanian</span> <span class='ocrx_word' id='word_1_478' title='bbox 495 5195 549 5248; x_wconf 87' lang='lat' dir='ltr'>bier</span> <span class='ocrx_word' id='word_1_479' title='bbox 567 5196 625 5248; x_wconf 83' lang='lat' dir='ltr'>also</span> <span class='ocrx_word' id='word_1_480' title='bbox 643 5193 685 5246; x_wconf 85' lang='lat' dir='ltr'>dle</span> <span class='ocrx_word' id='word_1_481' title='bbox 701 5195 801 5248; x_wconf 80' lang='lat' dir='ltr'>Rechts</span> <span class='ocrx_word' id='word_1_482' title='bbox 818 5199 845 5248; x_wconf 94' lang='lat' dir='ltr'>ln</span> <span class='ocrx_word' id='word_1_483' title='bbox 865 5197 957 5250; x_wconf 84' lang='lat' dir='ltr'>beiden</span> <span class='ocrx_word' id='word_1_484' title='bbox 975 5203 1181 5260; x_wconf 70' lang='lat' dir='ltr'>ustrenannten</span> <span class='ocrx_word' id='word_1_485' title='bbox 1198 5196 1294 5262; x_wconf 72' lang='lat' dir='ltr'>cblssen</span> <span class='ocrx_word' id='word_1_486' title='bbox 1313 5197 1374 5249; x_wconf 84' lang='lat' dir='ltr'>teht</span> <span class='ocrx_word' id='word_1_487' title='bbox 1389 5195 1581 5260; x_wconf 87' lang='lat' dir='ltr'>lilrcbsplelen.</span> <span class='ocrx_word' id='word_1_488' title='bbox 1776 5197 1802 5264; x_wconf 79' lang='lat'>²)</span> <span class='ocrx_word' id='word_1_489' title='bbox 1828 5199 1865 5252; x_wconf 84' lang='lat' dir='ltr'>lis</span> <span class='ocrx_word' id='word_1_490' title='bbox 1885 5200 1950 5253; x_wconf 85' lang='lat' dir='ltr'>ieblt</span> 
     </span>
    </p>
   </div>
   <div class='ocr_carea' id='block_1_6' title="bbox 137 5277 1948 5431">
    <p class='ocr_par' dir='ltr' id='par_1_6' title="bbox 137 5277 1948 5431">
     <span class='ocr_line' id='line_1_37' title="bbox 137 5277 1948 5348; baseline 0.008 -22"><span class='ocrx_word' id='word_1_491' title='bbox 137 5277 188 5330; x_wconf 85' lang='lat' dir='ltr'>bier</span> <span class='ocrx_word' id='word_1_492' title='bbox 205 5283 261 5336; x_wconf 88' lang='lat' dir='ltr'>dies</span> <span class='ocrx_word' id='word_1_493' title='bbox 279 5283 354 5336; x_wconf 80' lang='lat' dir='ltr'>letata</span> <span class='ocrx_word' id='word_1_494' title='bbox 372 5282 419 5333; x_wconf 87' lang='lat' dir='ltr'>der</span> <span class='ocrx_word' id='word_1_495' title='bbox 437 5288 631 5345; x_wconf 70' lang='lat' dir='ltr'>rorgensnnten</span> <span class='ocrx_word' id='word_1_496' title='bbox 650 5281 823 5346; x_wconf 83' lang='lat' dir='ltr'>llircbspiele.</span> <span class='ocrx_word' id='word_1_497' title='bbox 1012 5281 1039 5348; x_wconf 83' lang='lat'>³)</span> <span class='ocrx_word' id='word_1_498' title='bbox 1064 5279 1129 5333; x_wconf 78' lang='lat' dir='ltr'>Hier</span> <span class='ocrx_word' id='word_1_499' title='bbox 1146 5282 1207 5334; x_wconf 87' lang='lat' dir='ltr'>slnd</span> <span class='ocrx_word' id='word_1_500' title='bbox 1225 5283 1282 5335; x_wconf 84' lang='lat' dir='ltr'>also</span> <span class='ocrx_word' id='word_1_501' title='bbox 1306 5283 1372 5335; x_wconf 82' lang='lat' dir='ltr'>autb</span> <span class='ocrx_word' id='word_1_502' title='bbox 1391 5283 1433 5336; x_wconf 88' lang='lat' dir='ltr'>dle</span> <span class='ocrx_word' id='word_1_503' title='bbox 1450 5279 1618 5345; x_wconf 86' lang='lat' dir='ltr'>iilrcbapieie</span> <span class='ocrx_word' id='word_1_504' title='bbox 1636 5281 1674 5334; x_wconf 84' lang='lat' dir='ltr'>St.</span> <span class='ocrx_word' id='word_1_505' title='bbox 1693 5281 1768 5346; x_wconf 74' lang='lat' dir='ltr'>llam</span> <span class='ocrx_word' id='word_1_506' title='bbox 1785 5283 1948 5340; x_wconf 83' lang='lat' dir='ltr'>colecburcb</span> 
     </span>
     <span class='ocr_line' id='line_1_38' title="bbox 138 5365 1424 5431; baseline 0.007 -17"><span class='ocrx_word' id='word_1_507' title='bbox 138 5366 185 5414; x_wconf 90' lang='lat' dir='ltr'>und</span> <span class='ocrx_word' id='word_1_508' title='bbox 202 5368 239 5420; x_wconf 80' lang='lat' dir='ltr'>st</span> <span class='ocrx_word' id='word_1_509' title='bbox 256 5367 353 5420; x_wconf 83' lang='lat' dir='ltr'>blsrtin</span> <span class='ocrx_word' id='word_1_510' title='bbox 373 5366 444 5418; x_wconf 86' lang='lat' dir='ltr'>nicht</span> <span class='ocrx_word' id='word_1_511' title='bbox 461 5367 536 5418; x_wconf 88' lang='lat' dir='ltr'>mebr</span> <span class='ocrx_word' id='word_1_512' title='bbox 554 5365 712 5431; x_wconf 75' lang='lat' dir='ltr'>anigeliibrt.</span> <span class='ocrx_word' id='word_1_513' title='bbox 1067 5391 1070 5396; x_wconf 93' lang='lat'><em>·</em></span> <span class='ocrx_word' id='word_1_514' title='bbox 1419 5395 1424 5404; x_wconf 93' lang='lat'>·</span> 
     </span>
    </p>
   </div>
   <div class='ocr_carea' id='block_1_7' title="bbox 0 0 2450 6338">
    <p class='ocr_par' dir='ltr' id='par_1_7' title="bbox 0 0 2450 6338">
     <span class='ocr_line' id='line_1_39' title="bbox 0 0 2450 6338; baseline 0 0"><span class='ocrx_word' id='word_1_515' title='bbox 0 0 2450 6338; x_wconf 95' lang='lat' dir='ltr'> </span> 
     </span>
    </p>
   </div>
  </div>
 </body>
</html>
