4716 6330
1078 559 1086 601 l

851 667 960 765 1468,
985 671 1071 742 ll'a'rn
1097 670 1132 742 2.
1819 677 1903 760 129

76 957 250 1022 libertatum
274 962 303 1019 et
322 954 550 1040 privilegiorum
568 955 669 1022 Hense
690 921 890 1036 mercatorum
916 957 1087 1022 extendere.
1129 955 1217 1020 Enim
1239 953 1384 1036 prelecto,
1407 957 1462 1021 viri
1484 959 1609 1042 egregii,
1631 962 1750 1024 tametsi
1771 964 1902 1028 maxima
2028 945 2032 954 ’

78 1093 163 1152 cura,
198 1077 317 1159 ingenti
338 1074 541 1140 sollicitudine
566 1075 724 1158 studioque
746 1092 864 1141 sommo
887 1092 1009 1140 causam
1031 1076 1116 1139 illum
1138 1077 1415 1156 antiquissimorum
1436 1076 1572 1141 lederun
1594 1096 1630 1142 ac
1651 1088 1796 1160 perpetue
1817 1085 1902 1162 pacis

77 1199 232 1258 internos
263 1203 293 1258 et
321 1201 504 1259 mercatores
525 1193 625 1260 llanse
644 1193 827 1260 ‘lbeotonice
854 1193 1045 1260 resarciende
1074 1193 1339 1275 componendeque
1367 1194 1513 1259 fuerimus
1540 1196 1684 1262 hactenus
1713 1205 1901 1280 prosequuti,

76 1331 127 1378 nec
149 1311 180 1376 id
203 1311 329 1392 quidem
351 1312 451 1377 verbis
478 1313 577 1380 solum
599 1323 629 1378 ct
649 1313 759 1392 literis,
787 1329 891 1378 rerum
918 1315 1013 1378 eciam
1042 1311 1131 1377 lactis
1160 1322 1190 1377 et
1215 1315 1368 1396 mmioata
1394 1315 1549 1398 legacione
1575 1318 1606 1379 in
1627 1332 1698 1382 oras
1720 1318 1903 1402 longinquas

77 1449 141 1496 cum
169 1433 295 1515 magnis
321 1433 466 1511 impensis
492 1432 639 1496 destinata
667 1433 769 1513 palam
797 1431 923 1498 lecimus
951 1440 1087 1512 tempore
1113 1433 1281 1512 superiori3
1309 1441 1339 1496 et
1374 1441 1474 1513 preter
1503 1433 1573 1511 bec,
1603 1437 1678 1500 citra
1705 1437 1735 1500 id
1757 1440 1903 1520 temporis

79 1551 233 1616 libertates
255 1549 408 1630 predictas
430 1550 469 1614 ad
491 1567 550 1614 non
568 1551 720 1617 modicum
740 1558 860 1631 tempos
881 1550 1061 1615 indulsimus
1083 1551 1304 1632 prorogandas,
1327 1568 1434 1632 caspe
1454 1551 1534 1632 freti,
1557 1554 1638 1634 quod
1653 1556 1752 1620 medio
1768 1566 1903 1640 tempore

79 1671 232 1754 negotium
255 1669 333 1734 illud
349 1669 438 1736 bneru
454 1669 599 1748 debitum,
622 1670 661 1734 ad
677 1661 834 1750 itrinsqoc
854 1679 991 1734 noenum
1008 1669 1174 1751 reipublice
1190 1670 1346 1735 utilitatem
1368 1679 1398 1733 et
1415 1678 1551 1752 optatum
1573 1673 1733 1737 sortiretur
1747 1675 1903 1741 ellectumt

80 1787 149 1852 nibil
173 1796 288 1868 mmen,
310 1787 429 1869 dequo
450 1805 642 1871 summopere
663 1791 694 1852 in
717 1790 947 1854 admirationem
968 1789 1049 1855 ducti
1072 1805 1187 1867 sumus,
1209 1788 1364 1868 bucusque
1385 1789 1466 1868 quod
1488 1789 1527 1853 ad
1548 1771 1667 1855 felicem
1691 1799 1751 1858 tam
1773 1795 1904 1862 salubris

78 1916 163 1986 atque
185 1912 294 1987 operis
315 1910 412 1972 sancti
433 1909 728 1974 consummacionem
750 1925 837 1988 spem
858 1917 998 1993 angeret,
1026 1915 1270 1988 sequntum'est3
1298 1923 1402 1989 ymmo
1429 1907 1642 1989 pulliacionem
1670 1914 1778 1992 pocius
1799 1914 1905 1980 dilaci-

79 2042 223 2106 onemqne
251 2043 345 2106 quam
373 2027 463 2092 bnem
491 2027 549 2092 bac
575 2030 643 2108 ipsa
672 2032 704 2091 in
733 2035 766 2091 re
795 2029 968 2110 investigari
997 2028 1156 2107 erpetiqne
1184 2034 1317 2106 putetur.
1360 2026 1430 2107 Qua
1456 2045 1639 2109 quamquam
1666 2032 1707 2095 ita
1734 2050 1767 2096 se
1793 2033 1905 2099 babere

79 2145 248 2224 rideantur,
280 2161 336 2210 nos
364 2155 464 2210 umen
492 2150 625 2210 animum
652 2146 813 2228 pristinum
839 2148 870 2208 in
899 2153 960 2208 tam
988 2143 1180 2210 saluberrimi
1202 2149 1305 2227 operis
1333 2147 1666 2226 instituto-retinentes,
1693 2157 1726 2214 nt
1754 2167 1790 2214 ex
1817 2163 1906 2233 parte

81 2274 188 2344 nostra,
211 2264 298 2346 quod
320 2267 397 2330 istnc
418 2267 518 2345 ipsum
540 2266 700 2349 negocium
721 2272 909 2347 promoveat,
931 2264 1245 2344 relinquaturnicbi13
1266 2262 1357 2344 idque
1379 2268 1479 2344 ipsum
1500 2267 1571 2330 item
1587 2275 1702 2332 vestras
1724 2269 1905 2350 prudencias

82 2393 235 2450 curaturas
260 2384 414 2463 arbitrati,
442 2386 550 2449 restris
577 2387 609 2448 in
631 2383 687 2448 bac
713 2390 800 2464 parte
820 2383 1098 2468 supplicationibus
1125 2392 1306 2461 annuentes,
1329 2384 1487 2467 privilegia
1509 2394 1538 2449 et
1564 2385 1718 2453 libertates
1746 2399 1906 2457 consuetas

83 2505 160 2566 robis
182 2512 212 2568 et
233 2503 454 2568 mercatoribus
476 2503 544 2567 aliis
561 2502 660 2568 llansc
680 2501 826 2582 predicte,
846 2504 931 2567 iuxta
951 2502 1081 2567 lormam
1103 2511 1132 2566 et
1154 2511 1298 2580 tenorem,
1320 2519 1410 2583 quem
1431 2505 1621 2582 presentibus
1643 2507 1793 2588 recipietis
1815 2511 1908 2575 inter—

85 2622 212 2700 clusum,
241 2622 385 2687 duximus
410 2621 629 2687 concedendas.
671 2620 848 2702 optantem.
866 2629 899 2686 ut
925 2623 952 2686 si
979 2619 1052 2702 quid
1078 2619 1208 2686 tortasse
1236 2636 1333 2702 usque
1359 2621 1485 2687 antebac
1511 2625 1543 2686 in
1569 2623 1628 2690 boc
1649 2628 1777 2709 negocio
1798 2645 1907 2710 parum

87 2739 239 2822 diligenter
261 2749 315 2806 aut
336 2741 436 2821 tepide
456 2749 574 2825 gestum
596 2740 695 2820 bresit,
718 2741 749 2806 id
771 2744 832 2806 iam
855 2741 975 2806 tandem
996 2739 1161 2821 aliquando
1176 2757 1234 2823 pro
1255 2749 1354 2806 uestra
1375 2742 1528 2820 sapiencia
1550 2741 1595 2808 vel
1618 2743 1780 2829 diligencia
1802 2745 1910 2813 elllcax

84 2863 152 2924 intra
174 2869 301 2942 tempos
321 2867 498 2926 annotatum
525 2861 607 2926 eluat
627 2868 718 2939 atque
740 2867 903 2942 expurget,
932 2859 1081 2940 finemque
1109 2860 1157 2923 bis
1179 2859 1271 2924 rebus
1292 2859 1517 2938 felicissimum,
1546 2863 1698 2942 utrimque
1727 2864 1779 2930 din
1802 2883 1909 2949 expec-

84 2986 177 3057 tatum,
199 2981 272 3044 Deo
294 2979 370 3045 duce
389 2982 541 3059 imponat:
563 2981 616 3058 qni
637 2977 870 3059 spectabilitates
892 2987 1007 3042 vestras
1029 2979 1195 3042 incolumes
1217 2993 1398 3043 conservare
1418 2977 1558 3062 dignetur
1578 2983 1610 3044 in
1632 2998 1728 3048 annos
1749 2985 1909 3064 plurimos.

83 3095 183 3164 batum
204 3105 316 3164 nostru
339 3100 395 3164 sub
416 3103 533 3181 privato
554 3096 671 3180 sigillo,
700 3095 780 3177 apnd
801 3095 1120 3177 westmonasterium,
1151 3106 1259 3177 quarto
1281 3095 1330 3162 die
1351 3096 1468 3177 blancii,
1491 3115 1714 3183 regnorumque
1736 3111 1909 3170 nostrornm

86 3235 157 3282 anno
179 3220 327 3302 septimo.

231 3335 279 3404 In
302 3336 422 3405 doram
444 3335 665 3416 spectabilibus
686 3343 716 3400 et
736 3337 867 3419 egregiis
888 3337 971 3416 ubis,
1000 3333 1234 3400 Proconsulibus
1256 3344 1286 3400 et
1307 3331 1489 3400 Consulibus
1511 3337 1639 3403 civitatis
1660 3339 1907 3425 llamborgensis,

87 3458 183 3522 amicis
203 3459 322 3524 nostris
343 3457 519 3522 carissimis.

90 3674 242 3768 dxttt.
285 3683 410 3790 Kbrct‘q
439 3682 610 3764 Edword
632 3683 698 3764 lV.
727 3685 951 3790 cerltloqcrt
982 3684 1045 3766 alic
1075 3682 1307 3787 Pra'oilegr'eo
1338 3680 1408 3764 der
1436 3680 1573 3762 Hooee
1603 3683 1679 3788 uos
1703 3690 1766 3766 cire
1795 3685 1907 3787 datr,

319 3838 440 3920 tlnmit
471 3838 579 3918 diecc
607 3837 861 3919 ndcttnoetle
893 3837 1094 3920 Gecoodte
1122 3835 1227 3916 nucb
1256 3833 1440 3940 qulcod
1470 3835 1678 3918 obordnen.

809 3989 930 4095 reos,
961 3991 1070 4074 nors
1092 3991 1130 4070 2.
1151 3989 1186 4092 1)

235 4173 418 4252 Edwardns,
438 4173 494 4240 liei
515 4173 617 4258 gracia
638 4189 693 4238 rex
714 4171 822 4258 Anglie
843 4181 873 4240 et
892 4172 1019 4240 Francie
1040 4181 1069 4238 et
1091 4171 1232 4238 dominus
1253 4169 1410 4250 llibemic,
1432 4171 1573 4238 omnibus
1594 4173 1633 4237 ad
1655 4175 1737 4254 quod
1757 4184 1912 4257 presentes

91 4287 169 4356 litere
190 4295 338 4371 venerint,
359 4293 497 4358 salntem.
542 4291 651 4359 Sciatis
672 4294 754 4373 qood
780 4289 869 4376 (otc
897 4289 977 4360 oben
1000 4288 1064 4358 No.
1091 4287 1190 4375 cxl,
1218 4290 1279 4358 mit
1299 4287 1499 4362 Aoascbloce
1522 4289 1581 4358 der
1604 4290 1913 4382 Zeitbestimmooq)

90 4407 156 4489 illis,
178 4413 304 4498 seilicet,
327 4415 380 4493 qui
400 4413 513 4478 babent
531 4412 655 4478 domum
676 4415 708 4476 in
734 4415 852 4478 civitate
872 4411 1013 4490 london,
1043 4427 1101 4490 quc
1125 4407 1314 4478 Gttdebcttn
1340 4407 1589 4478 Teutonicomm
1611 4411 1775 4494 vulgariter
1796 4428 1912 4477 nonco-

92 4536 186 4611 patm,
209 4531 293 4612 qnod
314 4533 384 4614 ipsi,
406 4535 548 4596 continue
569 4549 587 4596 a
608 4530 685 4597 testo
708 4533 869 4596 nativitatis
890 4532 987 4597 sancti
999 4529 1147 4594 lobannis
1169 4529 1300 4610 baptiste
1320 4530 1459 4611 pmnimc
1481 4527 1594 4608 lbtoro,
1616 4546 1673 4609 per
1694 4546 1913 4598 nnumannum

93 4644 238 4734 integrum
258 4657 367 4716 extunc
388 4652 526 4732 proxime
548 4658 577 4715 et
598 4650 769 4716 immediate
790 4660 974 4731 sequentem,
996 4666 1052 4732 per
1072 4655 1167 4713 totum
1188 4664 1315 4731 mum
1331 4644 1403 4730 (bis
1423 4643 1486 4729 so)
1500 4664 1624 4712 suorum
1642 4665 1911 4730 quorumcumque.

93 4761 169 4833 lnlra
191 4769 273 4851 qnod
302 4777 421 4853 tempos
450 4777 548 4835 certos
573 4779 802 4850 procuratores,
824 4767 910 4852 (wie
933 4765 996 4836 No.
1023 4763 1113 4833 cxl.
1137 4763 1212 4849 br's)
1239 4783 1365 4852 regnum
1396 4775 1534 4832 nostrum
1555 4765 1673 4852 bnglie.
1717 4767 1755 4833 to
1775 4768 1912 4850 ulterius,

95 4881 129 4948 tle
147 4891 252 4972 gracia
271 4859 360 4968 (dds
382 4885 548 4976 Folgentle
569 4887 631 4956 aor'e
653 4887 689 4956 r'c
712 4885 777 4956 No.
803 4884 918 4971 cxl).

241 5005 331 5073 Teste
353 5011 489 5091 meipso
512 5007 592 5091 apud
614 5005 928 5086 Westmonasterium,
951 5005 1083 5073 secundo
1105 5005 1155 5071 die
1174 5005 1292 5085 Marcii,
1314 5023 1393 5072 anno
1415 5006 1502 5090 regni
1524 5008 1618 5072 nostri
1639 5010 1779 5089 septimo.

1591 5123 1762 5194 Sinerecde.

97 5213 395 5236 *Qu—-

248 5381 272 5449 ¹)
298 5381 359 5437 bns
377 5385 449 5438 einer
466 5385 625 5451 bamburger
642 5383 785 5438 Abscbrilt

161 5516 321 5586 abcbcttung
334 5520 369 5573 ll.
