4716 6330
867 647 985 750 'mon
1011 655 1073 728 tuti
1101 651 1159 724 12.
1877 659 1935 739 33

102 938 405 1021 lohanneellorbury
425 940 647 1020 perscriptum
668 953 757 1004 smum
778 937 884 1004 dutum
900 939 1037 1020 london,
1059 941 1165 1020 quinto
1186 938 1236 1004 die
1253 938 1483 1018 becembds‚¹)
1505 956 1586 1004 anno
1609 943 1696 1024 regni
1718 942 1801 1023 rep's
1815 939 1935 1006 llenrici

103 1060 199 1140 quarti
221 1059 353 1138 decimo,
383 1059 462 1122 inter
483 1057 542 1122 alia
566 1059 716 1123 remiserit
738 1067 769 1123 et
789 1059 973 1123 relaxeuerit
993 1058 1084 1122 michi
1105 1057 1223 1139 prelato
1245 1056 1361 1122 Thomc
1382 1056 1604 1140 Chamberleyn
1628 1068 1657 1122 et
1678 1060 1841 1124 heredibus
1861 1064 1938 1125 meis

105 1183 321 1258 imperpetuum
346 1185 441 1240 totum
463 1179 511 1240 ius
533 1185 562 1240 et
584 1177 749 1257 demeum,
773 1177 853 1257 quod
876 1177 981 1241 habuit
1003 1180 1034 1241 in
1056 1177 1136 1240 dicto
1158 1185 1328 1242 tenemento
1351 1191 1419 1240 cum
1440 1178 1538 1259 layo,
1562 1194 1629 1242 cum
1653 1183 1715 1243 suis
1737 1183 1935 1259 pertinentiis,

103 1313 154 1375 per
176 1311 287 1360 nomen
319 1299 455 1360 omnium
485 1295 606 1360 illarum
634 1305 785 1362 terrarum
815 1306 844 1362 et
871 1305 1125 1374 tormentorum,
1159 1295 1331 1359 reddituum
1357 1304 1388 1359 et
1415 1297 1614 1360 seruiciorum
1642 1313 1710 1384 cum
1738 1302 1936 1379 pertinentiis,

102 1431 157 1494 oue
178 1414 334 1493 quondam
355 1413 477 1478 inerunt
496 1413 643 1479 lobannis
665 1413 785 1498 Sleigb‚
818 1417 979 1498 armigeri,
1002 1419 1033 1478 ln
1055 1416 1177 1478 ciuitate
1198 1413 1340 1492 Loudon,
1369 1423 1462 1493 prout
1490 1418 1521 1477 in
1544 1414 1648 1479 eodem
1678 1421 1793 1496 scripto
1815 1418 1935 1497 plenius

102 1537 270 1598 continetur
277 1552 288 1611 ;
321 1541 350 1596 et
377 1541 482 1612 postea
513 1533 642 1611 predicti
670 1533 835 1616 Dionysius
865 1533 1018 1615 lophem,
1052 1532 1199 1597 llenricus
1221 1531 1339 1596 llenore
1364 1540 1394 1595 et
1421 1532 1565 1596 llenricus
1595 1533 1704 1600 Somer
1731 1536 1936 1602 relaxanerint

102 1669 154 1731 per
173 1667 280 1716 eorum
304 1655 451 1731 scriptum
473 1651 576 1715 datum
598 1650 740 1731 bondon,
771 1655 872 1733 primo
902 1652 952 1717 die
973 1651 1156 1728 Februarii,
1190 1667 1271 1714 anno
1299 1647 1534 1735 rmnissprmicti
1558 1655 1638 1734 regis
1659 1653 1780 1717 henrici
1807 1649 1935 1734 decimo,

102 1771 189 1835 michi
211 1769 334 1852 prelato
353 1769 472 1835 Thone
493 1767 715 1852 Chamberleyn
737 1781 767 1836 et
790 1771 952 1836 heredibus
974 1775 1051 1835 meis
1073 1775 1296 1851 imperpetuum
1318 1779 1413 1834 totum
1436 1772 1484 1835 ius
1506 1780 1536 1835 et
1556 1772 1717 1850 clamcnm,
1741 1784 1800 1853 que
1820 1773 1937 1837 habue-

103 1898 168 1953 runt
189 1892 219 1952 in
242 1889 324 1954 dicto
347 1897 517 1953 tenemento
538 1905 607 1953 cnm
629 1891 711 1972 layo
733 1905 801 1954 cnm
829 1892 892 1954 suis
918 1893 1109 1970 pertinentiis
1137 1893 1168 1952 in
1197 1889 1278 1953 dictu
1304 1891 1425 1954 ciuitate
1447 1888 1587 1954 London:
1618 1891 1770 1954 Noueritis
1798 1907 1847 1955 me
1868 1909 1937 1971 pre-

103 2009 209 2072 dictum
231 2007 382 2072 'l'bomam
405 2005 645 2089 Chamberleyn,
679 2009 838 2086 chdcum,
872 2008 1007 2086 dedisse,
1042 2011 1227 2071 concessisse
1255 2016 1285 2070 et
1306 2006 1363 2070 hac
1390 2012 1522 2086 presenti
1545 2017 1629 2072 carta
1651 2025 1719 2073 mea
1742 2011 1937 2074 confirmasse

104 2127 201 2194 hlaroo
218 2127 249 2192 le
272 2125 389 2205 diesne,
411 2127 542 2191 llicardo
564 2127 660 2207 Banh,
673 2126 830 2192 Willelmo
844 2127 1037 2210 Byggynges,
1060 2125 1182 2204 clerico,
1205 2124 1376 2189 ellohanui
1397 2124 1609 2203 Marletstede,
1632 2127 1752 2206 elerico,
1770 2121 1938 2192 'heredibus

105 2255 259 2311 eteorum
281 2247 444 2328 assignatis
464 2255 558 2310 mlum
580 2245 748 2326 predictum
770 2253 973 2310 tenementum
995 2260 1068 2308 cnm.
1085 2245 1166 2326 lrayo
1188 2243 1345 2308 adiacente
1367 2245 1398 2306 ln
1420 2247 1542 2309 ciuitate
1563 2243 1688 2309 london
1718 2254 1746 2309 et
1774 2263 1843 2309 corn
1873 2263 1938 2310 om-

106 2367 188 2430 nihus
211 2365 283 2430 aliis
305 2364 585 2444 commoditatibus,
619 2369 794 2431 aelementis
816 2374 846 2428 et
866 2365 1054 2444 pertiuentiis
1076 2363 1212 2444 predicto
1234 2371 1404 2428 tenemento
1431 2371 1461 2426 et
1482 2364 1565 2445 layo
1587 2364 1846 2445 qualitercumque
1867 2381 1939 2448 per-

106 2486 277 2562 tinentibus,
302 2483 472 2549 habendum
494 2494 523 2549 et
545 2486 709 2550 tenendum
728 2484 898 2564 predictum
921 2490 1121 2547 tenementum
1143 2499 1214 2546 eum
1235 2483 1318 2564 kayo
1339 2490 1369 2545 et
1390 2485 1498 2546 ceteris
1520 2487 1583 2546 suis
1604 2487 1803 2563 pertinentiis,
1827 2494 1938 2566 etpre-

106 2603 211 2668 diotum
234 2612 298 2681 est,
320 2603 464 2683 predictis
486 2603 599 2682 Marco,
621 2603 753 2668 llicardo
774 2602 870 2681 bank,
892 2601 1052 2666 Willelmo
1075 2600 1260 2685 Bpggynges
1282 2609 1312 2663 et
1332 2600 1462 2663 iohanni
1484 2599 1701 2680 llarlretstede‚
1725 2603 1887 2667 heredibus
1909 2613 1939 2668 et

36 2734 39 2742 ’
107 2724 267 2806 assignetis
288 2725 360 2802 suis,
383 2723 425 2787 de
442 2722 623 2801 capitalibus
645 2723 776 2786 dominis
796 2720 878 2786 leodi
900 2721 983 2784 illius
1004 2720 1222 2799 persordida,
1245 2735 1304 2797 que
1325 2717 1364 2782 ad
1386 2719 1555 2800 predictum
1571 2729 1771 2784 tenementum
1784 2731 1814 2784 et
1827 2721 1939 2803 layum

107 2842 263 2920 pertinent,
285 2841 517 2920 imperpetuum.
561 2840 598 2903 lit
620 2857 677 2924 ego
699 2859 771 2906 uero
792 2841 948 2923 predictus
969 2837 1103 2903 Thomas
1125 2835 1366 2918 chamberleyn,
1394 2837 1522 2903 heredes
1550 2847 1580 2902 et
1608 2843 1754 2923 assignati
1780 2844 1840 2904 mei
1869 2855 1939 2920 pre·

108 2959 213 3024 dictum
236 2968 439 3023 tenementum
462 2966 490 3022 el
511 2961 625 3040 layum
647 2977 715 3023 cum
738 2959 879 3024 omnibus
900 2963 964 3024 suis
985 2959 1175 3039 pertinentiis
1197 2961 1228 3020 in
1250 2955 1349 3021 torma
1367 2957 1503 3037 predicta
1517 2958 1662 3037 predictis
1672 2957 1786 3038 llarco,
1808 2959 1939 3024 Ricardo

108 3077 198 3156 Beck,
219 3075 380 3142 Willelmo
401 3077 585 3161 Byggpngee
607 3086 637 3142 et
656 3077 787 3144 lohannl
809 3075 1025 3154 llnrketstede‚
1048 3077 1210 3142 heredibus
1230 3084 1262 3139 et
1284 3077 1448 3159 assignatis
1470 3077 1547 3156 suis,
1581 3085 1687 3140 contra
1709 3093 1814 3142 omncs
1837 3087 1939 3160 gentes

109 3197 374 3262 warantizabimus
397 3204 426 3260 et
447 3193 642 3261 defendemus
665 3200 694 3260 ln
721 3203 912 3279 perpetuum.
963 3194 996 3258 ln
1023 3196 1109 3260 ouius
1135 3195 1179 3258 rei
1206 3195 1410 3258 testimonium
1437 3193 1507 3258 huic
1533 3197 1667 3274 presenti
1695 3205 1777 3282 carte
1806 3213 1872 3262 mee
1900 3200 1941 3262 sl-

109 3315 209 3397 gillum
230 3331 334 3380 mcum
357 3317 497 3396 apposni,
520 3316 580 3380 hiis
602 3317 742 3380 testibus:
765 3313 910 3397 hrugone
932 3313 1114 3394 Barentyno‚
1138 3321 1208 3376 tunc
1230 3315 1346 3376 maiore
1368 3313 1500 3376 ciuitatis
1521 3307 1671 3393 bordon,
1692 3312 1850 3378 Willelmo
1863 3315 1940 3378 Nor-

110 3443 171 3514 ton,
198 3435 319 3500 Thoma
342 3434 444 3514 bule,
474 3442 545 3498 tunc
567 3434 792 3499 vicecomitibus
819 3431 970 3510 london,
1004 3431 1157 3496 Richardo
1178 3429 1320 3510 Wotton,
1355 3440 1426 3494 tunc
1454 3430 1651 3495 aldermanno
1673 3432 1754 3496 dicte
1775 3432 1881 3498 warde
1902 3433 1940 3499 dc

109 3553 271 3636 bedegene,
293 3563 324 3618 et
345 3554 424 3619 aliis.
468 3553 578 3620 llotum
600 3554 846 3631 london-sexto
867 3550 986 3614 decimo
1008 3550 1057 3614 dic
1077 3548 1176 3626 lunii,
1200 3565 1280 3614 enno
1303 3553 1389 3632 regni
1410 3554 1492 3632 regis
1512 3548 1632 3614 Henrici
1653 3553 1754 3630 quarti
1776 3561 1846 3633 post
1868 3569 1940 3617 oon-

110 3680 241 3750 questum
266 3671 394 3736 decimo.
458 3647 461 3652 ⁵
1361 3689 1364 3694 ·
1752 3663 1756 3695 !

258 3787 302 3856 In
324 3788 447 3858 dorso:
468 3790 527 3856 lsta
549 3800 634 3856 carta
657 3791 745 3856 lecta
760 3799 789 3855 et
812 3761 1032 3854 irrotulata'in
1054 3788 1202 3869 hostengo
1223 3784 1360 3850 bondon.
1390 3787 1429 3850 dc
1454 3789 1666 3852 communibus
1693 3789 1830 3869 placitis,
1844 3797 1940 3857 ¹tento

112 3909 155 3972 die
175 3909 259 3974 Lune
280 3913 420 3989 proxima
442 3917 512 3990 post
532 3909 643 3974 lustum
665 3912 877 3991 oonoepcionis
899 3909 986 3972 beate
1006 3905 1102 3970 llarie
1122 3906 1265 3988 anginis,
1295 3921 1377 3969 anuo
1398 3910 1484 3989 regui
1507 3907 1588 3989 regis
1609 3905 1729 3972 llenrici
1750 3911 1850 3988 quarti
1871 3919 1941 3991 post

112 4037 303 4109 conquestum
326 4028 491 4104 undecimo.
986 4060 989 4068 ·
1159 4069 1163 4080 ·
1558 4071 1565 4080 .
1599 4025 1788 4092 llercbnnnt.

112 4284 159 4388 1¹.-
208 4289 375 4394 witeby
407 4289 584 4369 abscidere
611 4287 771 4369 Morcus
808 4289 845 4368 le
876 4287 1016 4392 chpre
1051 4313 1103 4367 oo
1132 4285 1310 4367 Riohcrd
1337 4285 1469 4388 Booh,
1518 4287 1694 4368 Wilhehn
1722 4287 1943 4393 quqioqes

542 4442 625 4521 aad
651 4440 806 4522 totam
836 4439 1113 4522 Marketstede.
1175 4437 1298 4544 tuoe,
1328 4439 1412 4519 doli
1441 4440 1501 4518 12.

259 4623 409 4690 Omnibus
432 4624 471 4690 od
491 4639 570 4705 quos
597 4631 750 4704 presentes
772 4624 872 4688 littere
893 4622 1086 4702 peruenerint
1108 4620 1228 4686 Marcus
1250 4622 1278 4685 le
1300 4619 1413 4702 tleyre
1428 4619 1556 4684 salutem
1580 4627 1610 4684 in
1633 4622 1762 4686 homino
1784 4625 1942 4716 sempiter-

116 4758 191 4806 nam.
235 4741 388 4808 Noueritis
410 4759 458 4806 me
480 4745 650 4820 emisisse,
680 4742 836 4808 relaxasse
864 4750 894 4804 ct
914 4743 1039 4804 omnino
1061 4739 1099 4803 de
1120 4755 1168 4802 me
1189 4747 1220 4802 et
1240 4739 1402 4804 herodibus
1429 4735 1441 4822 ll
1468 4741 1543 4802 meis
1566 4740 1786 4820 imperpetuum
1808 4743 1943 4820 quietum

117 4861 259 4927 clamasse
279 4861 410 4928 llicordo
423 4860 518 4938 Banu,
540 4857 698 4928 Willelmo
719 4859 913 4944 Byggpnges,
936 4858 1058 4935 clerico,
1081 4865 1111 4922 et
1131 4857 1262 4922 lohanni
1277 4857 1490 4936 ltemeuude
1513 4857 1635 4936 clerico,
1658 4857 1820 4925 heredibus
1842 4870 1872 4925 ct
1893 4877 1942 4926 as·

118 4980 237 5061 signatis
259 4985 322 5045 suis
344 4987 440 5044 totum
462 4981 509 5044 ius
531 4985 561 5043 el
586 4977 598 5062 ll
625 4963 788 5058 clann'eum,
821 4995 880 5060 que
905 4976 1018 5054 habeo,
1053 4975 1146 5040 habui
1173 4993 1226 5040 seu
1254 4975 1454 5057 quouismodo
1482 4977 1594 5042 habere
1616 4987 1723 5056 potero
1749 4982 1781 5043 in
1805 4989 1866 5045 toto
1888 4980 1943 5046 illo

118 5105 278 5163 tenemento
308 5116 377 5164 cum
405 5099 485 5180 layo
508 5097 661 5163 adiacente
689 5115 758 5162 cum
780 5098 920 5161 omnihus
943 5099 1006 5160 suis
1034 5096 1244 5175 pertinenciis,
1278 5097 1359 5174 quod
1382 5096 1542 5177 ,qnondam
1569 5094 1580 5180 ll
1607 5095 1664 5161 luit
1684 5097 1790 5163 iacobi
1812 5098 1942 5176 Poimen

260 5351 292 5416 ΙΙ)
322 5351 395 5416 ilde,
413 5353 559 5405 December
578 5353 603 5406 5.

185 5484 344 5552 hbthellnng
359 5489 393 5540 ll.
