4834 6338
735 623 1458 726 1mmm4mmm
1912 633 1999 718 m

177 935 233 1023 V.
262 935 348 1021 Jcl.
371 941 467 1023 rate
491 935 574 1016 und
599 933 664 1016 tle.
680 933 877 1017 Bledlorce
899 935 1134 1040 dbnbupen
1153 935 1238 1015 ibrc
1251 934 1400 1019 Recbte
1425 938 1502 1043 nus
1521 943 1632 1021 einen
1645 939 1774 1042 Pluts,
1801 940 1999 1044 Gebitude,
2034 1037 2045 1070 Ι

295 1089 380 1193 Kuy
398 1090 480 1170 und
503 1088 649 1169 Gurlen
670 1113 719 1168 su
739 1087 846 1192 Qun
876 1087 952 1194 cess
976 1087 1052 1169 den
1072 1087 1197 1192 nonu
1216 1085 1388 1171 Edacccd
1409 1091 1435 1172 1
1437 1091 1476 1172 V.
1538 1090 1653 1196 1c75‚
1684 1091 1798 1198 April
1817 1092 1881 1174 25.

330 1269 434 1338 Sciant
447 1277 602 1351 presentes
623 1277 652 1334 et
673 1269 776 1349 luturi,
799 1270 880 1352 quod
902 1287 958 1336 nos
974 1269 1127 1336 lebannes
1142 1268 1217 1334 'late
1232 1278 1263 1336 et
1280 1270 1415 1340 'lbomes
1431 1272 1596 1354 bledlowe,
1618 1272 1805 1341 aldermanni
1823 1293 1860 1342 ac
1877 1273 1986 1361 cincei

176 1392 308 1460 ciuitatis
325 1390 489 1469 lundona,
511 1388 689 1467 dimisimus,
711 1388 910 1468 leodauimus,
932 1389 1129 1454 liberauimus
1144 1397 1174 1454 et
1189 1389 1247 1454 hac
1262 1393 1394 1472 presenti
1415 1401 1499 1458 carta
1521 1401 1626 1458 nostra
1644 1395 1890 1462 confirmauimus
1905 1394 1917 1481 ῙΙ
1931 1413 2003 1478 pre·

174 1512 383 1594 putentissimo
405 1518 434 1575 et
454 1485 704 1574 excellentissimo
725 1510 855 1593 principi
877 1517 906 1573 et
927 1509 1050 1574 domino
1070 1517 1187 1588 nostro,
1208 1509 1334 1574 domino
1354 1510 1523 1592 Eduardo,
1556 1513 1611 1580 Dei
1637 1516 1735 1598 goda
1757 1517 1823 1600 regi
1844 1515 1952 1600 Anglie
1973 1524 2003 1581 et

176 1631 304 1698 Francis
319 1627 331 1715 ll
346 1637 376 1694 et
391 1629 515 1694 domino
533 1626 685 1706 llibernie,
707 1635 801 1694 totam
817 1629 902 1694 illam
924 1628 1061 1708 placeam
1083 1637 1112 1694 et
1133 1637 1334 1696 tenementum
1355 1647 1429 1720 cum,
1445 1648 1522 1714 enyo
1544 1641 1574 1697 et
1593 1634 1722 1714 gardino
1739 1633 1946 1700 adiacentibus
1966 1651 2003 1700 ac

176 1750 319 1818 domibus
340 1757 410 1814 ante
431 1748 567 1824 situatis,
589 1745 727 1827 cetariis,
749 1747 872 1814 solariis
892 1757 922 1812 et
942 1747 1083 1813 omnibus
1104 1748 1172 1812 aliis
1194 1749 1257 1814 suis
1279 1750 1472 1831 pertinenciis
1493 1751 1524 1814 in
1547 1751 1617 1816 villa
1639 1752 1677 1818 de
1698 1751 1807 1822 Lenos
1829 1750 2001 1842 Episcopi,

174 1885 235 1954 qne
255 1869 329 1935 olim
350 1867 474 1934 luerunt
493 1866 624 1948 Philippi
645 1865 768 1948 Wytbe,
790 1866 864 1933 olim
886 1867 1046 1950 burgensis
1067 1867 1200 1932 eiusdem
1222 1867 1307 1946 vtile,
1329 1867 1497 1934 edideaum
1518 1879 1548 1934 et
1568 1871 1709 1936 situatam
1732 1890 1769 1938 ex
1790 1876 1932 1956 oppositu
1953 1891 2002 1938 ec·

175 1989 268 2056 clesie
294 1995 397 2056 sancte
425 1987 594 2071 Margarets
620 1985 754 2053 eiusdem
786 1985 855 2052 cille
883 1988 961 2052 inter
987 1986 1087 2050 sicum
1116 1987 1233 2070 regium
1261 1987 1373 2053 ibidem
1401 2005 1438 2054 ex
1465 1997 1554 2069 parte
1580 1991 1720 2056 orientali
1748 1999 1778 2056 et
1811 2007 2002 2058 communem

174 2125 287 2191 aquam
308 2108 387 2174 dicte
407 2105 478 2171 ville
499 2123 538 2170 ex
557 2113 644 2186 parte
665 2103 844 2170 occidentali
865 2113 895 2170 et
915 2113 1116 2172 tenementum
1137 2105 1290 2187 quondam
1311 2106 1457 2173 lobannis
1476 2107 1700 2193 Lakyngbitbe,
1727 2119 1834 2191 postea
1854 2110 2003 2177 lobannis

173 2227 335 2309 lberesby
356 2244 393 2291 ex
413 2234 501 2307 parte
521 2225 632 2290 boriali
652 2233 682 2290 et
703 2232 903 2290 tenementum
924 2241 1022 2307 nuper
1031 2224 1155 2290 liuberti
1166 2224 1278 2290 Lathee
1299 2243 1336 2292 ex
1356 2235 1443 2306 parte
1464 2228 1600 2294 australi.
1639 2227 1708 2310 Qne
1724 2229 1846 2310 quidem
1863 2230 2002 2318 placeam

173 2357 205 2416 et
230 2354 398 2412 unementa
425 2359 493 2410 cum
521 2359 615 2427 enyo,
647 2343 791 2428 gardino,
824 2343 977 2424 dumibus,
1009 2344 1147 2424 cetariis,
1180 2343 1302 2410 suauis
1329 2353 1360 2410 et
1386 2346 1527 2414 omnibus
1552 2347 1621 2414 aliis
1642 2351 1706 2414 suis
1732 2351 1925 2431 pertinenciis
1945 2367 2003 2432 per

174 2483 285 2534 nomen
306 2475 423 2546 neptem
445 2464 686 2548 mesuagiorum,
716 2465 802 2530 onius
823 2463 945 2548 gardini
972 2472 1001 2529 et
1021 2467 1108 2530 rnius
1130 2465 1199 2548 cayi
1225 2481 1294 2530 cu·
1316 2466 1508 2545 pertinenciis
1529 2468 1561 2530 in
1581 2466 1681 2535 Lenne
1702 2467 1845 2550 nptsnopt
1866 2469 2003 2549 predicta

172 2605 231 2654 nos
251 2584 361 2670 prelati
381 2582 536 2648 lohannes
556 2582 646 2660 Tute,
678 2582 812 2648 Thomas
833 2582 989 2650 Bledluwe
1016 2599 1073 2662 per
1101 2597 1211 2648 nomen
1232 2581 1347 2648 lbome
1369 2582 1543 2663 lilodlowe,
1571 2589 1707 2669 guonem,
1741 2588 1815 2652 civis
1836 2587 2002 2667 Londonie,

174 2706 266 2774 simul
288 2721 357 2772 cum
379 2703 496 2769 'lboma
518 2701 643 2781 barser,
666 2719 794 2782 mercer,
816 2710 848 2769 et
867 2701 985 2768 'lboma
1005 2701 1140 2785 Wn'gbt,
1164 2703 1291 2766 incure
1312 2701 1351 2768 de
1372 2702 1445 2766 villa
1465 2701 1567 2768 benna
1586 2701 1742 2786 Episcopi,
1765 2707 1817 2787 qni
1838 2715 1934 2774 totum
1956 2712 2004 2774 ius

174 2841 299 2904 eornm,
320 2831 447 2902 statum,
470 2821 607 2901 titulum,
629 2820 797 2899 clameum,
824 2820 1005 2888 demandam
1028 2829 1057 2886 et
1078 2825 1222 2886 interesse
1242 2819 1282 2884 de
1302 2828 1331 2885 et
1351 2821 1384 2884 in
1405 2823 1563 2900 premissis
1584 2831 1615 2888 et
1634 2826 1829 2905 pertinenciis
1850 2843 1907 2908 per
1927 2829 2003 2892 scri·

173 2953 261 3026 ptum
282 2960 371 3010 suum
391 2942 598 3022 relaxationis,
620 2943 707 3006 euius
729 2941 832 3006 datum
853 2950 899 3006 est
920 2938 1133 3006 terciodecimo
1154 2938 1205 3004 die
1225 2941 1338 3004 mensis
1358 2937 1484 3018 Aprilis.
1511 2956 1591 3006 anno
1613 2944 1699 3026 regni
1718 2943 1791 3009 dicti
1813 2943 1926 3010 domini
1948 2961 2003 3010 no-

172 3067 222 3150 gis
244 3062 478 3146 qomtodecimc,
501 3061 588 3126 nobis
610 3058 723 3124 eisdem
742 3058 874 3124 lubanni
894 3058 970 3122 Tate
990 3067 1020 3123 et
1041 3057 1156 3124 Tnnme
1177 3056 1344 3136 bledlowe,
1365 3056 1527 3125 beredlbne
1547 3065 1577 3124 et
1596 3062 1758 3144 assignatis
1779 3065 1891 3129 nostris
1913 3065 2004 3130 remi·

172 3190 279 3250 serunt
299 3192 329 3249 et
349 3181 542 3258 relaxarunt,
566 3194 663 3260 nuper
684 3177 843 3244 babuimus
865 3195 903 3244 ex
924 3177 1098 3244 dimissicm
1119 3185 1148 3244 et
1169 3175 1359 3244 ieotlamentu
1379 3176 1526 3244 lobannis
1547 3177 1685 3258 ldaldon‚
1715 3181 1888 3248 babendum
1910 3191 1940 3248 ot
1960 3192 2003 3250 te·

173 3303 307 3370 nendum
327 3302 496 3384 predictam
517 3300 654 3382 placeam
676 3307 705 3362 et
726 3306 927 3363 tenementum
950 3313 1019 3364 cum
1041 3313 1134 3381 capo,
1155 3295 1301 3381 gardino,
1324 3294 1480 3376 domibus,
1502 3297 1640 3377 salariis,
1668 3299 1791 3366 solariis
1812 3309 1841 3366 et
1862 3303 2003 3368 omnibns

173 3423 245 3490 aliis
265 3423 330 3488 suls
350 3421 544 3502 pertinenciis
565 3415 684 3500 prelato
705 3417 829 3482 domino
853 3426 957 3484 nostro
978 3418 1059 3502 regi,
1081 3415 1244 3482 heredibus
1266 3425 1296 3482 et
1317 3418 1480 3500 assignatis
1501 3419 1565 3484 suis
1587 3417 1820 3500 imperpetuum.
1863 3421 1897 3487 ln
1918 3423 2003 3488 cuins

172 3547 221 3608 rei
242 3541 446 3608 testimonium
467 3537 538 3604 buin
559 3539 691 3621 presenti
712 3545 795 3603 carte
816 3545 919 3602 nostre
939 3537 1042 3620 sigilla
1064 3543 1168 3602 nostra
1190 3537 1397 3619 apposuimus.
1430 3535 1540 3606 batum
1556 3539 1816 3619 vicesimoquinto
1831 3539 2004 3608 diemensis

173 3662 304 3746 Aprilis,
333 3675 413 3726 anno
434 3657 657 3740 quintodecimo
678 3655 865 3740 supradicto.
1701 3656 1850 3742 Clydord.

204 3917 281 4003 Vl.
326 3919 449 4025 Konip
479 3916 651 3999 Eduord
668 3915 736 3996 IV.
766 3916 970 4022 nocuus
1001 3921 1112 3998 emen
1141 3917 1271 4020 Picis,
1305 3913 1503 4021 Gobdecde,
1530 3915 1616 4021 ling
1644 3942 1682 3998 u
1714 3943 1750 3999 n
1779 3943 1828 4000 su
1856 3917 1974 4024 lgneo.

883 4069 999 4174 1475,
1030 4070 1143 4178 April
1170 4070 1237 4152 29.
1258 4068 1293 4174 ¹)

327 4257 509 4335 Edwardus,
531 4253 585 4320 uei
607 4251 712 4320 Gmtia
733 4250 797 4318 ilex
812 4249 920 4336 Anglie
941 4261 972 4316 et
991 4251 1116 4318 mancia
1137 4260 1166 4318 et
1186 4251 1334 4318 Dominus
1355 4249 1506 4330 llibernie,
1529 4253 1669 4320 omnibns
1690 4255 1729 4320 ad
1751 4271 1829 4336 quos
1849 4263 2005 4336 presentes

176 4379 263 4444 litere
283 4377 490 4459 pervenerint,
512 4373 652 4438 sulutem.
695 4367 804 4437 Seiads
825 4369 906 4452 quod
929 4387 994 4449 nos,
1017 4371 1106 4437 certis
1127 4371 1165 4436 de
1185 4374 1287 4438 causis
1306 4379 1337 4436 et
1357 4371 1648 4438 considerationibus
1669 4389 1725 4437 nos
1746 4373 1918 4454 specialiter
1940 4389 2004 4438 mo·

174 4497 322 4576 rentibus,
344 4494 382 4560 de
403 4497 501 4579 guda
523 4499 627 4558 nostra
649 4491 776 4575 speciali
795 4507 833 4556 ac
847 4497 929 4556 certa
950 4490 1076 4555 seientia
1092 4497 1121 4554 et
1141 4505 1226 4556 mero
1242 4498 1325 4554 motu
1348 4491 1469 4570 nostris,
1490 4489 1640 4570 dedimus,
1662 4493 1877 4571 concemimus,
1899 4500 1930 4556 et
1949 4510 2006 4575 per

174 4623 330 4701 presentes
358 4614 467 4680 damus
494 4620 524 4679 et
551 4611 758 4691 concedimusf,
794 4625 853 4691 pro
888 4609 975 4675 nobis
1002 4616 1032 4672 et
1057 4607 1218 4673 heredibus
1248 4609 1376 4688 nostris,
1405 4607 1623 4674 mercatoribus
1650 4617 1680 4674 et
1713 4610 1837 4690 populis
1870 4612 2006 4677 nacionis

176 4735 332 4801 diemanie
360 4731 555 4798 existentibus
582 4731 639 4794 sub
666 4735 696 4794 et
723 4729 761 4795 de
783 4727 1040 4806 confederatione,
1074 4726 1137 4810 liga
1159 4734 1188 4791 et
1208 4729 1351 4792 societate
1370 4725 1469 4792 Hense
1490 4725 1673 4806 Teutonico,
1702 4727 1780 4793 alias
1808 4728 1897 4795 dictis
1926 4745 2005 4795 mer·

176 4853 330 4920 caloribus
356 4850 530 4930 limante,
563 4849 742 4914 habentibus
768 4849 893 4915 domum
919 4849 951 4914 in
979 4847 1097 4912 civitate
1123 4845 1261 4912 Londnn.
1290 4863 1349 4927 que
1377 4843 1549 4914 Gildeballa
1577 4844 1814 4913 Teutonicorum
1841 4848 2007 4931 vulgariter

177 4981 380 5056 nuncupator,
402 4969 592 5053 presentibus
613 4978 642 5035 et
663 4968 783 5047 tuturis,
806 4975 900 5033 totam
922 4966 1006 5030 illam
1026 4966 1166 5046 placeam
1187 4974 1217 5031 et
1238 4972 1420 5045 tenemento,
1453 4983 1523 5031 cnm
1545 4981 1622 5048 enyo
1645 4975 1675 5031 et
1694 4965 1823 5050 gardino
1844 4967 2005 5034 adiacenti-

335 5257 360 5326 ι)
395 5259 468 5312 tinen
499 5259 583 5311 etnam
615 5257 773 5322 hamburgae
797 5255 1019 5321 coptu-nuens,
1051 5254 1199 5321 rargltcban
1224 5255 1274 5308 mlt
1300 5253 1360 5308 dem
1389 5253 1513 5308 libenter
1539 5253 1746 5319 copiti-Bnebe
1772 5258 1820 5309 ant
1842 5255 2006 5321 Pergament

178 5343 310 5402 rct.5un
328 5343 383 5396 und
401 5341 444 5398 st.

251 5479 414 5545 sucnettung
428 5480 464 5532 11.
1768 5472 1803 5530 π
