4716 6330
884 640 995 742 1417,
1019 645 1093 718 luni
1118 643 1153 716 d.
1872 649 1930 732 45

101 935 182 1010 parte
217 923 229 1009 fl
266 925 380 1006 altera,
412 933 555 1006 testatur,
586 926 669 1008 qaod
691 941 761 994 oum
781 925 909 1010 predicti
930 926 1064 994 Thomas
1085 937 1115 993 ct
1135 927 1286 993 dldnncia
1312 938 1504 1011 percoctam
1524 946 1613 1001 suant
1635 929 1819 998 leodamenti
1838 931 1930 998 dede-

101 1047 158 1110 tint
178 1053 209 1110 et
229 1046 431 1110 concesserint
452 1045 571 1126 pretato
593 1044 724 1112 Ricardo
746 1045 919 1124 Rohelund,
950 1046 1110 1114 willelme
1132 1055 1162 1110 et
1182 1035 1303 1130 Rogcro
1325 1046 1402 1114 illud
1424 1056 1625 1116 tenemeutm
1645 1065 1736 1116 soum
1757 1065 1827 1116 curn
1849 1051 1930 1133 layo

101 1163 250 1230 adaoemc
287 1163 299 1248 pl
336 1181 373 1228 ac
394 1179 464 1228 cnm
485 1163 625 1230 omuibus
646 1164 716 1228 aliis
743 1163 1025 1242 commoditatibus,
1058 1165 1244 1230 aiaimneutis
1272 1171 1302 1229 et
1328 1167 1517 1245 pertiuentiis
1543 1168 1680 1249 predicto
1709 1177 1878 1234 tenemento
1900 1178 1930 1234 et

100 1285 175 1362 layo
196 1281 458 1362 qualitercumque
480 1281 710 1362 pertinentibus,
732 1281 851 1348 duratis
872 1283 905 1346 in
927 1280 1044 1348 renella
1066 1291 1172 1348 vocata
1188 1282 1438 1366 Wyndegeslaue
1459 1286 1490 1348 io
1512 1285 1658 1366 parochia
1680 1285 1817 1352 ommam
1834 1283 1929 1352 Sanc·

100 1409 193 1464 tomm
223 1397 265 1464 ad
286 1397 390 1465 lenum
412 1399 554 1478 moden,
587 1401 666 1465 inter
703 1397 715 1482 [Ι
751 1405 954 1476 tenementum
983 1417 1082 1480 nuper
1101 1399 1307 1466 Rartbelomci
1327 1400 1502 1485 Rhestlyng
1529 1419 1566 1468 er
1593 1409 1680 1484 parte
1705 1405 1864 1482 ementati,
1900 1413 1930 1468 et

99 1519 206 1598 layum
228 1525 370 1582 vocaturn
391 1514 694 1604 Ectorlpaqosbullc
714 1533 752 1581 er
773 1525 861 1598 parte
883 1517 1063 1582 occidentali
1084 1535 1121 1582 ae
1142 1534 1253 1597 aquam
1278 1518 1437 1584 Thamisie
1453 1537 1489 1585 ex
1511 1529 1598 1599 parte
1620 1523 1763 1599 australi,
1790 1530 1820 1586 et
1837 1530 1927 1604 tenc-

100 1643 226 1700 mentum
250 1651 348 1716 nuper
369 1634 523 1715 Radulphi
543 1633 716 1715 Rlakcneye
737 1652 774 1699 ex
795 1644 882 1716 parte
903 1635 1087 1715 aquilonari.
1137 1634 1229 1717 Quod
1259 1636 1381 1716 quidem
1410 1645 1611 1704 tenementum
1639 1655 1708 1704 oum
1736 1639 1817 1721 layo
1844 1640 1929 1704 adia·
1955 1680 1958 1689 ι

99 1762 177 1818 cente
197 1762 227 1818 et
249 1755 313 1818 auis
334 1755 523 1833 pertinentiis
545 1751 703 1818 antedictis
725 1769 782 1836 eqo
803 1751 941 1834 predicta
964 1753 1129 1831 hidoneia,
1156 1771 1212 1834 per
1233 1770 1346 1820 nomen
1367 1755 1516 1821 diduncia
1537 1755 1675 1834 Pentele,
1705 1773 1802 1836 nuper
1824 1756 1927 1834 habui,

99 1871 194 1950 michi,
216 1871 381 1936 heredibus
402 1879 432 1934 et
453 1872 615 1954 assignatis
636 1871 712 1936 meis
733 1872 956 1953 imperpetuum
978 1888 1016 1935 ea
1036 1871 1119 1936 done
1141 1880 1171 1936 et
1192 1870 1383 1939 leoffamcote
1406 1873 1528 1938 Ricardi
1544 1871 1726 1955 Courteney,
1748 1874 1804 1938 Dei
1824 1874 1929 1956 gracia

97 1989 298 2054 Nerwieensis
320 1989 474 2071 episcopi,
506 1997 537 2052 et
557 1988 670 2072 Rogcri
691 1987 803 2067 Lecbc,
837 1989 960 2069 militis,
993 1997 1084 2070 prout
1110 1990 1142 2054 in
1171 1989 1303 2068 quadam
1326 1997 1410 2056 carto
1438 1993 1576 2072 ipsorum
1607 1990 1729 2056 Ricardi
1756 1988 1929 2072 Ceuneuep
1996 2039 2007 2064 .

98 2108 225 2187 episcopi
250 2115 281 2170 et
301 2105 413 2190 Roqeri
434 2105 531 2172 bache
551 2105 622 2171 inde
643 2104 795 2183 conlecta,
828 2108 914 2172 cuins
935 2107 1040 2172 datum
1062 2115 1109 2171 est
1129 2105 1271 2184 Lentim,
1301 2109 1444 2172 vicesimo
1469 2110 1599 2188 septimo
1628 2109 1678 2176 die
1704 2110 1816 2174 mensis
1836 2109 1929 2187 lunii,

98 2242 171 2290 anno
193 2225 281 2308 regni
303 2225 384 2308 regis
405 2223 526 2290 ilenrici
547 2225 645 2304 quinti
665 2233 735 2306 post
757 2231 954 2304 conquestum
977 2225 1081 2303 tercie,
1104 2222 1225 2305 plenius
1246 2227 1428 2302 continetur,
1450 2226 1623 2292 habendum
1642 2235 1674 2291 et
1685 2225 1846 2292 tenendum
1858 2243 1928 2306 pre·
2005 2255 2008 2260 ·

97 2343 160 2408 latis
181 2341 315 2407 Ricardo
337 2341 509 2420 Boheiaud,
541 2340 699 2407 Willelmo
721 2340 822 2407 Olden
844 2350 873 2406 et
893 2341 1014 2427 Roqero
1036 2339 1203 2423 Twylerd,
1235 2341 1399 2408 heredibus
1420 2352 1450 2406 et
1476 2345 1640 2428 assignatis
1660 2345 1743 2421 suis,
1776 2345 1928 2422 imperpe-

99 2471 186 2540 tuum,
208 2469 303 2543 prent
323 2459 513 2540 improdicta
535 2468 621 2524 carta
641 2458 825 2524 seodameuti
847 2457 918 2524 indo
939 2457 1090 2538 mctecu,
1118 2460 1206 2524 cuius
1228 2460 1332 2526 datum
1355 2469 1401 2526 est
1419 2459 1547 2526 Lendou
1569 2461 1618 2526 die
1640 2461 1837 2526 cecieedouis
1858 2477 1929 2543 pre·

98 2581 234 2658 mucium,
259 2579 380 2659 plenius
402 2578 583 2642 continetur.
625 2575 756 2642 Pmdicti
779 2586 878 2642 tamen
900 2576 1049 2642 Ricardus
1069 2575 1237 2656 Beleiand,
1261 2577 1436 2644 willelmus
1457 2577 1557 2644 Olden
1579 2589 1609 2643 et
1630 2577 1768 2662 Rogerus
1780 2577 1930 2660 Twylord

98 2696 194 2762 volout
214 2704 245 2761 et
268 2695 436 2760 concedunt
456 2711 512 2775 per
533 2703 704 2772 presentes,
740 2693 822 2772 quod
843 2695 870 2758 si
891 2695 957 2772 ipse
978 2693 1128 2758 Ricardus
1148 2691 1324 2772 Bohcland,
1357 2695 1484 2760 heredes
1513 2705 1542 2759 et
1564 2697 1711 2779 assignati
1733 2695 1781 2760 sui
1801 2696 1929 2775 pacifice

99 2822 123 2878 et
143 2817 240 2894 quiete
264 2813 376 2878 bebere
397 2822 428 2877 et
449 2819 550 2876 tencre
570 2813 702 2893 poterint
722 2828 758 2875 ac
786 2810 920 2893 gaudere
948 2819 1045 2876 tetum
1073 2810 1241 2891 predictum
1272 2820 1473 2876 tenementum
1501 2830 1571 2880 cum
1600 2814 1682 2896 layo
1710 2814 1865 2879 adiacente
1893 2831 1929 2876 ac

98 2949 160 2998 cum
180 2932 322 2996 omuibus
344 2929 412 2996 aliis
435 2928 708 3007 commoditatibus,
731 2929 916 2993 aisiameotis
937 2937 967 2992 ct
988 2929 1175 3010 pertinentiis
1196 2929 1341 3009 predictis
1362 2938 1532 2995 tenemento
1558 2940 1589 2996 et
1608 2932 1690 3013 layo
1713 2921 1928 3011 qualitercum-

99 3067 150 3128 que
170 3049 390 3129 pertineutibus
412 3064 431 3113 a
452 3045 529 3112 icsto
551 3047 722 3113 Natiuitatis
751 3048 847 3112 sancti
876 3045 1024 3110 lobannis
1050 3046 1180 3129 baptiste
1207 3049 1347 3128 proxime
1373 3046 1475 3112 futuro
1504 3056 1575 3144 post
1604 3048 1708 3114 datum
1737 3049 1929 3130 presencium

99 3169 247 3248 usquead
269 3167 359 3231 duem
380 3167 486 3248 uiginti
507 3181 656 3230 annerum
678 3172 786 3230 extunc
809 3165 949 3245 proxime
970 3165 1158 3245 sequentium
1180 3172 1210 3228 et
1231 3166 1368 3245 plenarie
1390 3165 1621 3248 completorum,
1644 3167 1740 3232 denec
1761 3167 1799 3231 de
1821 3167 1928 3250 eodem

100 3294 261 3351 tenemento
283 3301 353 3350 com
375 3284 455 3364 haye
477 3292 507 3346 et
528 3283 592 3346 sois
613 3283 802 3363 pertinentiis
824 3285 971 3346 uniuersis
993 3283 1185 3364 perceperint
1211 3283 1367 3366 sexaginta
1396 3299 1449 3347 ser
1479 3283 1549 3348 libri
1578 3283 1738 3349 tresdecim
1760 3285 1877 3349 solides
1898 3293 1929 3346 et

99 3412 221 3482 quatuor
242 3403 385 3468 denarios
406 3401 638 3484 sterlingorum,
671 3400 807 3482 predicto
830 3408 1000 3465 tenemento
1029 3416 1097 3464 cum
1125 3400 1208 3481 haye
1230 3409 1260 3464 et
1281 3401 1389 3464 ceteris
1418 3402 1481 3464 suis
1508 3402 1697 3481 pertinentiis
1729 3401 1768 3465 ad
1795 3403 1928 3481 quinque
1957 3475 1960 3488 Ι

99 3537 209 3586 mareas
230 3520 449 3605 sterlingorum
470 3536 526 3599 per
547 3534 662 3583 annum
684 3525 876 3599 computato3
905 3533 941 3582 ac
963 3519 989 3581 si
1009 3517 1119 3597 prelati
1140 3517 1274 3582 Thomas
1295 3517 1433 3583 Flerrers
1455 3527 1534 3584 etet
1556 3518 1723 3596 ildoncia,
1754 3535 1829 3582 vxor
1850 3521 1927 3597 eius,

99 3649 145 3704 aot
165 3656 272 3704 eorum
293 3639 372 3702 alter
392 3639 493 3702 soluat
514 3645 544 3702 et
565 3635 734 3702 musiaciat
754 3635 872 3717 prelato
894 3634 1025 3700 Ricarde
1039 3634 1205 3713 Behelam,
1228 3635 1389 3700 heredibus
1411 3645 1440 3700 et
1462 3615 1625 3720 assignatis
1647 3639 1710 3701 suis
1732 3638 1764 3701 in
1787 3636 1845 3700 tine
1858 3654 1928 3718 prc-

99 3757 239 3824 dicterum
264 3758 369 3840 viginti
390 3771 539 3822 annorum
562 3755 608 3820 tel
630 3753 711 3820 intra
733 3754 891 3820 dimidium
913 3771 1025 3819 annum
1047 3763 1117 3836 post
1137 3755 1300 3819 terminum
1322 3753 1490 3835 predictum
1520 3771 1576 3835 pro
1602 3755 1732 3839 singulis
1755 3757 1843 3820 nouis
1865 3755 1928 3818 edi·

99 3876 281 3940 hcabonibns
303 3875 463 3939 manorum
484 3873 690 3952 predictorum
713 3874 745 3936 in
768 3881 937 3938 tenemento
958 3871 1097 3950 predicto
1120 3888 1189 3936 cum
1208 3873 1290 3954 layo
1306 3871 1461 3937 adiacente
1484 3889 1520 3938 ac
1537 3875 1644 3938 ceteris
1659 3875 1723 3938 suis
1739 3875 1929 3952 pertiuentiis

99 3993 265 4060 edificandis
287 4010 324 4057 ec
345 3993 453 4056 ceteris
475 3990 712 4057 racionabilibus
728 3991 872 4074 custaqiis
894 3988 964 4056 iude
986 3991 1135 4072 appositis
1157 3998 1188 4053 ct
1207 3989 1296 4054 lactis
1317 4007 1374 4070 per
1396 3991 1566 4071 predictum
1582 3989 1745 4056 Ricardum
1760 3991 1927 4070 Roheland,

99 4112 220 4178 hoedos
246 4121 276 4177 et
305 4113 475 4194 assignatum
501 4126 573 4176 snos
602 4117 739 4191 tempore
771 4107 936 4172 eorundem
964 4108 1069 4190 viginti
1096 4123 1261 4172 annorum:
1295 4117 1405 4172 extunc
1435 4109 1510 4174 bene
1544 4111 1633 4175 liceat
1659 4109 1784 4191 prelatis
1811 4109 1928 4173 Thone

98 4229 226 4296 Flerrers
248 4239 278 4295 ct
300 4230 463 4307 hiduucie,
498 4230 583 4292 oxori
605 4233 684 4305 eius,
717 4235 747 4292 et
768 4225 930 4291 heredibus
951 4227 1015 4290 suis
1037 4234 1133 4290 totum
1161 4226 1330 4305 predictum
1354 4233 1555 4292 tenementum
1577 4243 1646 4292 cum
1668 4228 1748 4308 layo
1771 4227 1928 4292 adiacente

99 4355 124 4411 et
143 4350 250 4414 ceteris
270 4350 332 4412 sois
355 4347 542 4429 pertinentiis
564 4345 722 4410 antedictis
745 4345 892 4410 reintrare
914 4352 943 4406 et
964 4344 995 4408 in
1017 4345 1149 4424 pristino
1168 4353 1248 4408 statu
1270 4359 1326 4408 suo
1349 4344 1495 4408 rehabere
1517 4353 1547 4408 et
1569 4347 1709 4422 retinere,
1732 4344 1928 4425 pretatosque

99 4464 254 4532 Ricardum
277 4465 442 4543 holdam,
465 4463 654 4528 willelmum
678 4461 779 4528 Olden
801 4471 830 4527 et
852 4460 1007 4544 Rogerum
1036 4460 1196 4542 Twyierd,
1220 4462 1345 4526 heredes
1367 4470 1397 4526 et
1418 4464 1589 4544 assignatos
1609 4477 1682 4526 suos
1704 4461 1774 4525 inde
1795 4446 1929 4526 totaliter

101 4585 244 4666 erpellere
266 4592 297 4648 et
316 4599 507 4660 ammonere,
534 4581 669 4660 predicta
692 4589 775 4644 carta
797 4589 849 4645 aut
871 4580 981 4644 saisina
1002 4577 1072 4642 inde
1094 4578 1198 4644 habita
1220 4597 1281 4644 non
1303 4579 1442 4644 obstante
1464 4579 1524 4643 vlle
1546 4577 1649 4644 modo.
1693 4579 1730 4642 llt
1751 4581 1777 4643 si
1798 4581 1928 4659 predicti

100 4699 225 4768 Thomas
247 4711 276 4766 et
298 4700 457 4776 hldnncie,
479 4716 555 4763 uror
576 4701 651 4776 cius,
674 4707 726 4764 aut
748 4715 852 4764 eorum
874 4698 952 4762 alter
973 4698 1021 4762 vel
1042 4697 1152 4776 aliquis
1175 4713 1279 4761 eorum
1302 4698 1423 4761 nomine
1445 4713 1506 4760 non
1528 4697 1650 4762 soleant
1668 4713 1722 4760 neo
1740 4695 1927 4761 satisfaciant

101 4835 148 4883 nec
169 4820 268 4885 soluat
290 4828 344 4883 aot
364 4817 529 4884 samtacmt
549 4815 669 4897 prelato
690 4815 822 4881 Ricardo
844 4814 1013 4890 Roleland,
1047 4814 1209 4880 heredibus
1237 4824 1266 4878 et
1293 4816 1456 4898 assignatis
1483 4815 1547 4878 suis
1573 4816 1605 4878 in
1633 4815 1693 4878 tine
1720 4813 1925 4894 predictorum

102 4937 365 5019 vigiuuannerum
388 4937 435 5001 vel
457 4935 537 5001 infra
559 4934 717 4999 dimidium
739 4949 854 5000 annum
874 4943 945 5014 post
967 4936 1128 5000 torminum
1149 4931 1320 5012 predictum
1342 4949 1400 5012 pro
1422 4932 1551 5013 singulis
1572 4933 1660 4997 nonis
1683 4931 1927 4998 editicacienibus

101 5053 251 5120 demonem
272 5055 409 5135 predicto
430 5057 461 5118 in
482 5059 649 5118 tenemento
671 5068 741 5116 curn
762 5052 842 5134 layo
865 5052 1020 5117 adiacente
1042 5069 1078 5114 ac
1106 5053 1213 5116 ceteris
1240 5051 1305 5116 seis
1332 5050 1538 5131 pertinentiis,
1574 5059 1605 5113 ot
1631 5051 1840 5132 supradictum
1869 5059 1925 5127 est,

102 5187 132 5235 ac
152 5175 255 5240 ceteris
278 5172 515 5239 racionabilibus
536 5171 681 5252 cusmgiis
702 5169 772 5234 iude
793 5171 943 5250 appositis
964 5177 994 5233 et
1023 5169 1110 5233 lactis
1136 5185 1194 5249 per
1219 5168 1389 5250 predictum
1411 5167 1575 5233 Ricardum
1596 5167 1768 5246 Beleiand,
1798 5169 1925 5234 heredes

102 5299 128 5352 et
146 5293 312 5377 assignatos
334 5309 407 5360 suos
429 5301 564 5370 ternpore
586 5287 749 5358 eorundem
771 5287 876 5370 viginti
897 5304 1065 5366 annonem,
1088 5295 1198 5353 extunc
1211 5287 1323 5354 ¹volunt
1344 5294 1374 5351 et
1396 5286 1564 5352 concedunt
1591 5282 1718 5368 predicti
1739 5284 1875 5350 Thomas
1897 5295 1926 5350 et
