4716 6330
837 663 946 758 1391,
972 665 1161 740 December,
1185 661 1216 730 1.
1887 671 1944 752 25

109 955 205 1050 eidem
227 953 353 1022 domino
375 955 441 1036 regi
462 953 580 1018 ratione
601 950 759 1016 cuiusdam
781 949 884 1016 ludicii
907 967 1010 1016 versus
1031 951 1133 1029 ipsum
1161 946 1330 1012 iohannem
1358 947 1467 1016 redditi
1487 893 1632 1031 tanquam
1661 953 1818 1020 lorlslacta
1838 957 1946 1022 contis-

112 1083 176 1138 cata
199 1072 337 1150 luerunt,
366 1071 539 1136 babendum
562 1071 650 1136 nobis
671 1067 711 1134 ad
733 1069 894 1134 terminum
917 1070 975 1132 vite
996 1076 1115 1144 nostre,
1145 1074 1236 1147 prout
1257 1067 1288 1130 iu
1309 1063 1398 1132 dictis
1420 1068 1514 1134 literis
1537 1070 1651 1136 domini
1673 1075 1754 1158 regis
1775 1077 1948 1154 patentibus

109 1192 178 1257 inde
200 1192 290 1256 nobis
311 1189 457 1255 conlectis
478 1189 598 1271 plenius
620 1190 804 1266 continetur,
839 1188 985 1252 noueritis
1007 1203 1062 1251 nos
1084 1203 1121 1250 ex
1144 1202 1227 1250 mera
1250 1185 1403 1250 voluntate
1432 1197 1535 1253 nostra
1563 1207 1599 1254 ac
1626 1191 1836 1272 considerato,
1866 1196 1947 1274 quod

108 1311 220 1376 dictum
244 1309 388 1374 iudicium
410 1308 606 1391 postmodum
628 1325 684 1388 per
705 1305 861 1371 dominum
883 1321 986 1388 regem
1009 1314 1038 1368 ct
1060 1304 1294 1384 parliamentum
1316 1317 1406 1370 suum
1428 1306 1560 1371 totaliter
1581 1307 1773 1389 adnullatur,
1803 1310 1949 1378 liberasse

110 1439 137 1494 et
158 1445 283 1494 sursum
305 1427 475 1492 reddidisse
497 1427 594 1491 eidem
615 1425 747 1490 iohanni
768 1427 870 1488 omnia
891 1423 1027 1505 predicta
1050 1431 1219 1487 tenemento
1242 1423 1286 1486 sic
1307 1426 1395 1488 nobis
1417 1441 1473 1502 per
1499 1425 1656 1490 domiuum
1683 1445 1785 1512 regam
1807 1433 1948 1512 superius

114 1563 275 1624 concessa,
305 1552 451 1611 ettotam
474 1553 584 1610 statum
607 1547 704 1610 etius
727 1551 862 1609 uostrnm
890 1545 920 1606 in
943 1543 1082 1607 omuibus
1105 1542 1281 1606 tenementis
1303 1541 1446 1621 predictis
1467 1541 1564 1607 eidem
1585 1520 1715 1609 lobanni
1743 1546 1894 1614 dimisisse
1921 1559 1951 1614 et

109 1683 162 1748 per
184 1673 342 1746 presentes
364 1666 394 1728 in
416 1671 595 1744 perpetuum
618 1663 781 1728 relaxasse.
826 1661 858 1726 lu
881 1663 967 1726 onius
990 1662 1033 1725 rei
1056 1662 1259 1724 testimouium
1281 1661 1351 1725 huic
1374 1663 1488 1740 scripto
1515 1671 1621 1728 nostro
1648 1664 1784 1745 sigillum
1811 1676 1948 1732 nostrum

109 1784 233 1850 lecimus
256 1784 381 1866 apponi.
425 1782 535 1848 Datum
558 1781 693 1860 london,
716 1784 748 1846 in
770 1783 907 1862 hospicio
929 1789 1043 1857 nostro,
1067 1781 1208 1846 vicesimo
1230 1787 1340 1844 octauo
1361 1779 1411 1844 die
1433 1779 1520 1857 Maii,
1549 1798 1629 1844 anno
1651 1785 1737 1866 regul
1759 1783 1881 1850 Ricardi
1903 1803 1950 1850 se-

111 1903 199 1967 cundi
222 1910 294 1983 post
316 1909 512 1981 conquestum
535 1907 643 1981 quarto
666 1899 795 1966 decimo.

113 2159 273 2242 XlalV.
324 2162 448 2267 Kdeo'p
477 2161 653 2242 Riobord
682 2161 730 2244 ΙΙ.
760 2169 957 2243 reaestuat
995 2163 1071 2244 den
1100 2161 1494 2268 laudandumve
1523 2167 1642 2246 wider
1674 2169 1738 2248 die
1764 2167 1952 2274 [ethereo

368 2315 650 2398 brianonum
678 2341 807 2420 coepero
837 2314 1162 2397 Hocbcorrotbee.
1224 2313 1340 2416 1391,
1373 2317 1585 2400 December
1616 2321 1650 2399 1.
1666 2320 1702 2421 ¹)

266 2497 428 2576 llioardus,
456 2497 510 2561 liei
532 2498 636 2580 gracia
658 2515 713 2561 rex
734 2496 843 2581 duglic
863 2506 893 2562 et
914 2497 1040 2562 Francie
1062 2504 1090 2560 et
1112 2496 1253 2560 dominus
1275 2495 1437 2577 tlpberoie,
1464 2501 1614 2579 omnibus,
1641 2501 1679 2565 ed
1701 2519 1778 2584 quos
1798 2511 1954 2582 presentes

120 2619 200 2681 litere
221 2618 437 2698 peremerint,
463 2617 602 2681 salutem.
647 2614 755 2682 Sciatis
777 2617 858 2695 quod
887 2633 960 2693 nos,
990 2614 1216 2680 considerantes
1237 2615 1370 2695 dampna
1392 2619 1516 2699 paula,
1550 2619 1704 2683 molestias
1730 2628 1760 2683 et
1787 2621 1954 2701 deperdita,

116 2753 170 2816 qaae
185 2737 342 2802 lebannes
358 2735 592 2818 Nortbampton,
615 2736 737 2815 draper,
759 2735 866 2801 babuit
887 2744 916 2800 et
937 2736 1078 2800 sustinuit
1099 2735 1259 2798 occasione
1280 2734 1461 2799 iudiciorum
1485 2751 1589 2801 uersus
1611 2739 1712 2818 ipsum
1733 2739 1815 2821 apud
1828 2739 1956 2824 Redyng

119 2865 147 2919 et
173 2857 284 2921 turrim
315 2863 449 2918 nostram
476 2853 600 2920 london
631 2854 836 2933 redditorum,
865 2873 901 2919 ac
927 2853 1061 2919 volentes
1089 2869 1147 2933 pro
1176 2854 1367 2918 releuacione
1393 2862 1490 2918 status
1518 2857 1565 2920 sui
1593 2857 1624 2920 in
1654 2856 1711 2920 bac
1740 2865 1827 2939 parte
1853 2861 1959 2939 proui-

118 2976 201 3053 dere,
234 2975 276 3040 ad
304 2975 536 3054 requistetooem
563 2975 788 3038 communitatis
810 2973 895 3056 regui
917 2975 1013 3038 nostrl
1035 2972 1145 3055 Anglie
1167 2973 1255 3036 nobis
1276 2973 1309 3036 in
1330 2975 1463 3053 presenti
1488 2973 1691 3054 parliamento
1713 2984 1816 3041 nostro
1845 2976 1956 3042 iactam

119 3096 153 3159 de
173 3095 284 3180 gracia
307 3101 411 3158 nostra
433 3091 569 3178 speciali,
592 3094 622 3158 in
644 3091 737 3172 pleno
758 3093 881 3156 instanti
903 3089 1104 3172 parliamento
1127 3100 1242 3170 nostro,
1265 3092 1303 3156 de
1324 3108 1450 3158 assensu
1471 3094 1569 3157 tocius
1592 3094 1801 3174 parliamenti,
1831 3114 1956 3162 reuoca-

119 3231 183 3278 mus
204 3201 234 3279 et
258 3215 289 3277 in
312 3221 376 3276 toto
398 3227 554 3276 cassamus
577 3227 613 3274 ac
635 3213 755 3293 penitus
776 3208 970 3274 adnullamus
992 3184 1093 3272 omnia
1121 3218 1149 3272 et
1176 3210 1299 3293 singula
1325 3210 1437 3275 iudicia
1466 3227 1571 3276 versus
1599 3213 1699 3292 ipsum
1720 3213 1889 3280 lobannem
1918 3218 1957 3280 ad

119 3342 225 3398 sectam
250 3341 387 3396 nostram
409 3331 492 3411 apud
513 3329 642 3414 lledyng
663 3339 692 3395 ct
714 3330 820 3394 turrim
843 3337 978 3394 nostram
1001 3326 1127 3392 London
1150 3327 1268 3394 reddita
1291 3329 1329 3393 de
1352 3330 1535 3394 omnimodis
1557 3329 1800 3412 prodicionibus,
1824 3333 1956 3413 teloniis,

120 3451 426 3542 transgressionibus,
456 3449 705 3529 mesprisionibus
727 3459 756 3512 et
778 3449 847 3512 aliis
869 3446 960 3510 rebus
982 3447 1233 3528 quibuscumque.
1285 3449 1321 3513 Et
1343 3448 1483 3512 volumus
1506 3455 1535 3512 ct
1556 3449 1749 3514 concedimus
1771 3453 1810 3516 de
1832 3471 1957 3518 assensu

119 3572 263 3652 predicto,
287 3571 369 3651 quod
391 3569 471 3634 dicta
493 3568 605 3634 iudicia
626 3567 741 3632 nullam
765 3569 887 3631 omuino
911 3567 987 3643 vim,
1022 3565 1176 3644 eductum,
1211 3569 1348 3633 virtutem
1378 3585 1431 3632 seu
1454 3567 1588 3632 valorem
1618 3578 1727 3651 gerant
1749 3581 1802 3634 aut
1828 3572 1959 3636 habeant

121 3691 301 3770 proaliquo
324 3697 460 3770 tempore
481 3689 625 3770 preterito
647 3704 700 3751 seu
722 3685 835 3764 luturo,
859 3703 913 3751 nec
936 3685 1017 3766 quod
1039 3684 1118 3749 idem
1140 3685 1295 3750 lobannes
1321 3685 1379 3750 biis
1400 3687 1612 3752 occasionibus
1639 3705 1696 3769 per
1724 3705 1779 3753 nos
1801 3691 1847 3753 vel
1870 3690 1958 3755 bore-

122 3809 171 3874 des
194 3819 315 3876 nostros
337 3825 391 3874 seu
413 3809 566 3872 ministros
589 3815 708 3872 nostros
730 3805 776 3870 vel
798 3804 944 3870 heredum
967 3811 1140 3869 nostrorum
1163 3813 1215 3869 aut
1237 3805 1315 3870 alios
1336 3822 1542 3885 quoscumque
1558 3805 1673 3894 ‚futuris
1696 3811 1882 3889 temporibus
1903 3812 1959 3875 inr-

123 3937 251 4007 petatur,
274 3927 452 3994 molestetur
473 3928 504 3992 in
526 3926 629 4007 aliquo
652 3940 705 3990 seu
728 3933 883 4008 grauatur.
926 3923 965 3986 Et
987 3922 1112 3988 ulterius
1135 3923 1174 3988 ad
1197 3925 1427 4004 requisicionem
1449 3924 1529 3990 dicte
1557 3927 1781 3993 communitatis
1803 3929 1840 3994 de
1863 3931 1960 4014 regali
2023 3901 2026 3910 λ

123 4057 269 4125 potestate
293 4056 322 4113 et
344 4047 488 4131 dignitate
509 4047 621 4110 uostris
643 4047 674 4109 in
696 4045 787 4125 pleno
809 4045 943 4123 presenti
964 4041 1167 4122 parliamento
1189 4051 1310 4122 nostro,
1334 4021 1372 4109 de
1394 4059 1520 4108 assensu
1543 4047 1640 4110 tooim
1660 4047 1864 4127 parliamenti,
1888 4067 1960 4114 cou-

124 4166 255 4232 cedimus
277 4166 375 4232 eidem
395 4166 526 4231 iohanni
548 4167 651 4230 omnia
673 4173 753 4228 terre
775 4172 804 4228 et
827 4172 1006 4240 tenemento,
1029 4162 1165 4227 redditus
1188 4171 1217 4226 et
1238 4165 1458 4242 possessiones,
1482 4180 1540 4242 que
1562 4167 1671 4231 virtute
1692 4167 1872 4234 iudiciorum
1891 4187 1960 4249 prc-

125 4285 271 4352 dictorum
293 4296 346 4352 aut
366 4286 495 4352 alicuius
516 4301 621 4350 eorum
643 4283 808 4362 forisfecit,
837 4283 969 4364 perdidit
990 4281 1037 4346 vel
1060 4283 1175 4359 amisit,
1209 4281 1248 4345 ad
1270 4297 1530 4363 quorumcumque
1552 4301 1660 4349 manus
1681 4286 1857 4352 deceperint
1879 4297 1908 4352 et
1929 4292 1960 4353 in
2087 4337 2091 4343 .

126 4420 383 4487 quorumcumque
404 4405 544 4470 manibus
566 4406 711 4481 existant,
735 4401 866 4468 habendi
888 4411 917 4466 et
938 4401 1060 4467 tenendi
1081 4401 1187 4466 eodem
1209 4401 1312 4480 modo,
1336 4418 1396 4482 quo
1419 4402 1471 4466 illa
1494 4403 1599 4467 babuit
1621 4412 1650 4468 et
1672 4409 1776 4483 tenuit,
1799 4416 1961 4486 antequam

127 4526 334 4590 occasionibus
355 4524 500 4606 predictis
521 4533 628 4605 captus
650 4521 707 4588 luit
728 4523 775 4586 vel
796 4521 996 4598 attacbiatus,
1030 4530 1060 4585 et
1081 4522 1159 4586 siout
1181 4521 1235 4584 illa
1256 4521 1369 4584 babere
1398 4527 1427 4584 et
1456 4529 1557 4586 tenere
1585 4524 1755 4602 debuisset,
1789 4527 1814 4590 si
1842 4526 1958 4590 nullum

126 4641 267 4708 iudicium
288 4661 393 4709 uersus
415 4659 482 4708 eum
505 4643 656 4708 redditum
677 4643 834 4706 extitisset.
878 4638 1080 4706 Concedimus
1102 4643 1228 4718 insuper
1248 4641 1279 4703 in
1301 4640 1393 4721 pleno
1415 4643 1548 4720 presenti
1569 4642 1772 4721 parliamento
1785 4653 1900 4722 nostro,
1923 4645 1962 4708 de

130 4777 251 4828 assensu
274 4763 407 4828 eiusdem
430 4763 641 4844 parliamenti,
671 4761 767 4825 eidem
789 4759 937 4837 iohanni,
966 4759 1047 4839 quod
1069 4761 1135 4840 ipse
1156 4761 1264 4823 virtute
1286 4760 1350 4822 siue
1372 4760 1531 4824 occasione
1553 4759 1733 4824 iudiciorum
1755 4759 1961 4840 predictorum

130 4881 173 4943 cel
194 4883 324 4948 alicuius
345 4883 508 4946 cortrndem
530 4897 591 4944 non
614 4879 723 4959 perdat
742 4896 798 4944 nee
820 4875 958 4944 admittat
980 4887 1104 4955 nomen,
1139 4877 1304 4956 bonorem,
1333 4881 1499 4956 actionem,
1530 4881 1594 4956 ius,
1625 4883 1883 4961 recuperationem
1906 4899 1961 4948 neo

131 5019 429 5038 Ἤ

284 5121 308 5186 ¹)
335 5119 395 5173 Ans
414 5122 486 5172 einer
503 5119 642 5174 dbecbrllt
664 5118 712 5170 aul
727 5119 893 5182 pergament.
927 5118 983 5168 Das
1001 5117 1185 5170 Calendmlurn
1204 5119 1350 5171 rotulorum
1371 5119 1516 5180 patentium
1535 5120 1562 5170 in
1582 5121 1646 5171 turri
1663 5121 1829 5172 Loudtnousl
1849 5119 1962 5184 putat

134 5201 202 5254 libet
217 5219 266 5257 an:
297 5205 329 5258 n.
346 5205 453 5259 Ricardl
471 5218 542 5260 anno
561 5201 600 5258 15.
619 5205 669 5256 No.
682 5201 885 5260 32..ttcvocauo
903 5201 1061 5254 indictorum
1081 5204 1210 5256 aduersus
1228 5203 1378 5255 lobannem
1396 5204 1429 5253 de
1446 5203 1639 5266 llortbampton
1659 5205 1692 5256 do
1709 5205 1839 5269 bordon,
1857 5205 1963 5271 draper,

133 5286 272 5346 Ricardum
289 5291 420 5354 Norbam,
437 5301 546 5352 marcar.
565 5295 592 5340 et
608 5288 755 5342 lobanuenr
774 5287 859 5351 utera,
877 5299 987 5349 morer,
1005 5287 1168 5340 redditorum
1188 5290 1259 5352 apud
1277 5289 1396 5352 bedinse
1414 5295 1441 5339 et
1458 5289 1528 5352 apud
1547 5289 1641 5345 turrim
1655 5289 1766 5342 London
1785 5296 1813 5342 at
1829 5294 1962 5345 restitutio

135 5384 221 5424 eorum
239 5377 271 5426 ad
290 5374 379 5425 omnia
397 5386 456 5438 sua,
476 5379 569 5438 terras,
588 5379 747 5439 tenemento,
765 5374 836 5425 bona
855 5378 882 5424 et
899 5369 1001 5422 catalla.
1411 5381 1413 5389 ⁴
1851 5360 1857 5372 '

199 5507 360 5588 dbtbellung
375 5511 409 5561 tt.
1746 5513 1762 5564 d
