4834 6338
856 629 966 728 Μ,
991 633 1182 730 September
1207 629 1266 704 13.
1882 639 1971 748 195·

153 916 291 998 δυεείιε,
313 918 483 986 cbarhdmi
503 916 607 986 hahis
627 920 732 999 nmini,
755 919 969 986 mmultisaimi
990 919 1137 1004 ableqati,
1158 937 1249 1002 quam
1272 922 1402 984 maxime
1421 917 1522 984 latere
1542 921 1712 1004 cupientes,
1735 922 1773 988 de
1792 927 1891 1008 gratia
1913 941 1971 990 no-

144 1046 207 1104 stra
229 1039 355 1120 speciali
376 1055 412 1104 ao
434 1055 471 1103 ar
493 1047 574 1104 certa
596 1040 721 1104 scientia
742 1046 773 1104 et
793 1056 878 1104 mero
899 1047 982 1104 motu
1004 1041 1116 1104 nostris
1137 1040 1275 1105 dedimus
1297 1047 1326 1104 et
1347 1041 1548 1104 concessimus
1571 1050 1600 1105 et
1621 1041 1678 1106 hac
1701 1047 1831 1126 presenti
1854 1041 1969 1110 Cbarta

144 1167 247 1224 nostra
269 1174 327 1239 pro
348 1157 453 1238 Nobis
475 1157 641 1223 llercdihns
663 1175 699 1223 ac
719 1158 950 1224 successoribus
972 1161 1083 1225 nostris
1105 1158 1223 1237 damus,
1246 1159 1437 1224 mncadimns
1459 1166 1489 1224 et
1509 1160 1739 1227 confirmamusr
1766 1160 1887 1230 Jocobo
1909 1162 1969 1230 do-

142 1276 274 1363 cubsun,
296 1275 446 1346 Jobuooi
464 1274 656 1363 Leamkucll,
684 1275 851 1346 Theodoro
873 1275 1055 1362 Jucubaoo,
1078 1276 1178 1346 Petro
1201 1275 1318 1367 Splid,
1348 1275 1474 1346 Stotzr'o
1496 1277 1624 1347 Abacuc
1647 1290 1676 1345 et
1698 1279 1836 1350 Nimiae
1858 1281 1966 1372 Heqo,

142 1399 370 1478 mercatoribus,
394 1406 487 1462 totam
509 1398 593 1461 illam
616 1406 738 1477 terram,
760 1398 860 1463 solnm
882 1402 945 1462 sive
966 1396 1092 1462 iuudnm
1115 1405 1250 1463 nostrum
1271 1397 1439 1479 predictum
1460 1403 1639 1479 scitnatum,
1662 1405 1764 1466 iecens
1785 1412 1815 1466 et
1836 1405 1967 1468 existens

141 1523 172 1582 in
194 1517 337 1601 parochia
359 1516 489 1585 Sanctae
511 1517 667 1582 Trinitatis
689 1515 771 1582 inira
793 1515 951 1582 Civitatem
973 1526 1108 1583 nostram
1130 1517 1254 1582 london
1282 1519 1313 1583 in
1334 1517 1428 1596 Vico,
1457 1517 1622 1602 vulgariter
1642 1530 1814 1602 nuncupato
1840 1521 1969 1610 Trioitq

145 1633 250 1720 ane,
271 1639 303 1701 in
325 1653 386 1717 qno
408 1654 506 1717 nuper
526 1639 608 1702 stetit
628 1637 763 1702 Ecclesia
783 1636 968 1719 parochialis
989 1635 1117 1702 Sanctae
1133 1637 1302 1702 ¹Trinitatis.
1345 1637 1522 1701 liabendnm
1543 1647 1573 1702 ct
1594 1639 1756 1704 tenendum
1776 1641 1887 1720 solnm,
1909 1649 1969 1706 ter·

142 1773 208 1821 ram
230 1755 439 1822 orchadum
468 1756 638 1836 predictum
665 1773 733 1822 cum
760 1758 899 1821 omnihus
931 1759 1119 1838 pertiuentiis
1147 1755 1272 1838 prelatis
1302 1756 1414 1822 laccho
1436 1757 1602 1836 lacobsnn,
1634 1757 1764 1824 iohanni
1786 1759 1968 1839 Leemlrnell,

141 1875 303 1941 'lheodoro
324 1877 486 1956 dacohson,
509 1876 597 1940 Petro
618 1873 717 1957 Splid,
739 1873 853 1940 Stataio
874 1875 1008 1955 dhrens,
1030 1876 1177 1941 Nicholao
1198 1875 1284 1960 lleyn
1306 1884 1337 1942 et
1357 1876 1519 1941 heredibus
1541 1893 1644 1942 eornm
1667 1880 1909 1961 inperpetuum,
1932 1899 1968 1945 ea

142 2004 242 2062 umen
265 1996 333 2080 lege
353 2004 383 2062 et
404 1997 571 2060 intencione
592 2004 681 2076 atque
703 1995 759 2060 snb
781 1995 839 2059 hac
861 1996 987 2075 speciali
1009 1995 1129 2080 ddncia,
1152 1995 1234 2076 qood
1257 1997 1315 2076 ipsi
1337 1995 1463 2078 predicti
1483 1996 1615 2062 hechas
1632 1997 1793 2076 incensor,
1814 1998 1969 2064 lohannes

141 2113 325 2194 beemlruell,
348 2115 526 2180 lheodorus
545 2115 713 2193 lacohson,
742 2115 846 2178 Penus
869 2113 970 2196 Splid,
1003 2113 1135 2182 Sunius
1156 2115 1275 2180 hhmns
1296 2122 1326 2179 et
1346 2115 1512 2181 liicholaus
1530 2115 1615 2198 lleyn
1637 2117 1684 2181 vel
1705 2133 1811 2182 eornm
1832 2121 1968 2200 supervi·

140 2243 243 2302 ventas
264 2242 316 2300 aut
336 2237 530 2317 supervivens
551 2235 598 2298 vel
619 2233 745 2299 heredes
766 2237 989 2316 superviventes
1015 2237 1094 2300 intra
1123 2237 1253 2316 spatians
1283 2243 1413 2316 quatuor
1441 2251 1590 2300 annorum
1613 2241 1752 2316 proxime
1779 2240 1970 2320 sequentium

141 2352 288 2434 tundant,
322 2355 440 2438 erigant
460 2361 490 2418 et
511 2353 648 2419 edilicent
668 2369 722 2418 seu
744 2351 881 2432 landari,
913 2355 990 2438 erigi
1012 2363 1042 2418 et
1062 2353 1197 2420 miheari
1217 2353 1329 2418 iaciant
1350 2352 1511 2433 Templum
1539 2356 1602 2420 aire
1623 2355 1716 2420 Mem
1744 2371 1862 2422 sacram
1885 2361 1916 2422 in
1938 2365 1968 2423 et

140 2489 234 2556 snper
254 2473 377 2552 teriam
398 2471 498 2538 solnm
519 2474 582 2538 sive
603 2471 729 2537 landum
750 2469 918 2552 predictam
940 2472 1106 2554 eodemque
1123 2473 1262 2555 Templo,
1281 2476 1327 2539 sic
1345 2450 1551 2554 etpreiertnr,
1574 2483 1758 2556 consumam,
1780 2477 1818 2541 de
1832 2485 1970 2559 tenpore

141 2593 173 2656 in
194 2599 314 2674 tempus
335 2595 549 2675 perpetuisque
569 2591 679 2656 bituris
700 2591 888 2672 temporibus
908 2593 1083 2673 permittant
1102 2590 1181 2671 imi,
1214 2591 1347 2678 gaudere
1374 2599 1404 2656 et
1425 2591 1535 2657 ibidem
1557 2597 1717 2659 convenire
1738 2610 1843 2660 omues
1865 2595 1968 2681 hogu-

140 2720 247 2778 stanae
268 2709 475 2778 Conlesslonis
496 2709 602 2778 Socim
623 2711 830 2790 cmoscunque
849 2709 985 2775 uaccas
1007 2710 1134 2776 eandem
1155 2711 1245 2775 ddem
1267 2719 1296 2774 et
1317 2709 1504 2792 Religione-
1531 2709 1695 2794 eademqne
1720 2731 1810 2778 sacra
1836 2715 1970 2780 coimus

141 2840 172 2896 et
192 2830 303 2895 ibidem
323 2832 508 2896 sacrosancti
530 2828 687 2914 Evangelii
708 2831 1000 2910 interpretationem,
1023 2829 1289 2896 sacramentorum
1310 2828 1606 2896 administracionem
1634 2833 1789 2898 celebrare
1809 2843 1970 2916 actamque

142 2949 308 3034 Religionis
329 2967 383 3016 sne
405 2952 507 3014 munia
529 2958 559 3014 et
579 2964 627 3011 res
650 2947 868 3014 ecclesiasticas
889 2966 947 3031 pro
970 2965 1054 3012 more
1075 2948 1157 3029 apud
1179 2964 1251 3012 suos
1273 2955 1394 3029 recepto
1416 2955 1444 3012 et
1462 2948 1580 3032 legibus
1596 2953 1702 3032 patriis
1715 2954 1886 3032 approbato
1900 2971 1970 3036 per-

140 3086 241 3154 agere,
264 3068 380 3150 absque
401 3069 464 3134 ullo
485 3066 714 3148 impedimento,
748 3067 788 3130 ah
817 3067 892 3148 ipsis
913 3064 1026 3129 laccho
1047 3066 1216 3144 drauhsno,
1248 3064 1379 3130 iohanni
1399 3064 1588 3150 beemltnell,
1623 3068 1785 3136 'lheodoro
1806 3072 1967 3153 Jacobson,

139 3188 230 3254 Petro
251 3186 348 3270 Splid,
370 3185 484 3254 Statzio
506 3185 623 3250 hhrens
644 3192 672 3249 ct
693 3183 820 3249 Nicolao
842 3183 937 3268 liupo,
960 3183 1121 3249 heredibus
1144 3194 1196 3249 ant
1217 3185 1380 3269 assignatis
1402 3186 1465 3250 suis
1491 3189 1773 3269 quomodocumque
1795 3209 1848 3256 sen
1870 3195 1967 3273 qnali-

140 3318 302 3390 terconqnc
323 3307 432 3372 fiendo.
473 3306 619 3370 ¹Dedimus
641 3306 731 3368 etiam
754 3303 878 3368 ulterius
906 3311 935 3368 et
956 3322 1011 3388 per
1032 3309 1186 3387 presentes
1208 3303 1314 3369 damus
1344 3310 1373 3367 et
1402 3303 1614 3371 confirmamus
1643 3303 1760 3387 prelato
1781 3309 1896 3375 laccho
1916 3312 1967 3376 da·

139 3429 264 3506 cobson,
286 3426 417 3490 iohanni
439 3424 622 3502 beemlrnell,
644 3423 804 3487 Tbeodoro
826 3423 992 3501 lacobsoo,
1014 3421 1103 3486 Petro
1125 3422 1230 3503 Splid,
1264 3423 1378 3489 Statzio
1401 3423 1518 3489 dhrcns
1541 3433 1570 3488 et
1591 3426 1715 3490 Nicolao
1738 3427 1823 3512 lleyn
1845 3431 1966 3512 plenam

139 3549 291 3612 licentiam
314 3555 343 3610 et
365 3544 576 3610 authoritatem
598 3541 743 3608 fundandi
765 3549 795 3605 et
816 3539 949 3625 erigendi
971 3530 1064 3605 Edem
1085 3558 1204 3605 sacram
1226 3543 1256 3604 in
1284 3550 1314 3607 et
1341 3560 1434 3626 snper
1460 3543 1559 3607 solnm
1585 3545 1754 3626 predictum
1781 3547 1967 3630 eandemque

139 3669 185 3732 sic
206 3674 239 3732 ut
258 3664 411 3749 preiertnr
432 3662 589 3742 medatem
610 3669 639 3728 et
660 3669 789 3727 erectam
812 3661 943 3748 augendi
964 3658 1186 3758 decorandiqne
1207 3678 1257 3740 eo,
1290 3678 1350 3742 quo
1373 3663 1543 3728 veneranda
1566 3663 1634 3729 ildei
1655 3667 1789 3732 misteria
1811 3667 1897 3733 decet
1917 3686 1967 3733 cr-

139 3795 222 3854 natn.
265 3786 378 3850 Damus
399 3785 490 3851 edam
511 3791 540 3847 et
560 3799 616 3864 per
636 3789 792 3862 presentes
813 3779 1008 3846 concedimus
1030 3779 1204 3860 pruNobis,
1227 3779 1393 3846 llercdibus
1408 3780 1681 3858 etSncccssorihus
1697 3788 1819 3864 nostris,
1838 3787 1968 3866 preiatis

138 3907 255 3973 lacoon
269 3904 430 3982 Jacobson,
451 3902 581 3966 iohanni
597 3899 782 3978 beaminell,
803 3899 964 3964 Tbeoduro
985 3897 1146 3977 lumbeca,
1169 3899 1258 3964 Pctro
1279 3897 1379 3981 Splid,
1401 3899 1515 3966 Sutrio
1536 3901 1658 3967 Absens
1676 3910 1707 3966 et
1728 3903 1853 3969 Nicolao
1872 3905 1966 3988 llepn,

139 4024 223 4108 qnod
244 4026 302 4104 ipsi
325 4032 354 4087 et
374 4033 482 4086 eorum
501 4022 724 4100 superviventes
747 4019 840 4098 aliqui
863 4015 903 4082 de
921 4026 1060 4100 tempere
1080 4017 1110 4081 in
1134 4027 1292 4098 tempusa
1313 4019 1387 4084 dato
1406 4021 1591 4100 presentium
1612 4023 1644 4086 in
1676 4025 1830 4104 perpetuis
1858 4023 1967 4092 laturis

140 4143 327 4225 temporibus
348 4140 477 4204 habeant
500 4148 528 4203 et
550 4139 680 4202 habituri
702 4146 772 4203 sunt
792 4135 912 4220 plenam
936 4135 1100 4215 licentiam,
1123 4141 1302 4217 potestatem
1324 4147 1353 4202 et
1374 4137 1586 4204 authoritatem
1608 4137 1803 4220 convocandi,
1826 4145 1966 4230 eligendi,

139 4261 259 4332 locandi
280 4271 310 4327 et
330 4259 530 4326 constituendi
550 4274 711 4342 personam
733 4266 763 4322 et
783 4275 929 4338 personas
950 4256 1082 4321 habilem
1104 4263 1134 4320 ct
1153 4256 1280 4338 habiles,
1304 4256 1442 4323 idoneam
1465 4267 1495 4323 et
1517 4257 1640 4326 idoneas
1659 4257 1698 4326 ad
1719 4261 1820 4328 cilicia
1838 4257 1968 4330 Ministri

139 4395 169 4450 ct
190 4381 376 4462 Sacerdotis,
400 4380 512 4445 Decani
534 4388 563 4442 et
582 4377 783 4444 incumbentis
805 4378 835 4441 in
857 4376 992 4442 Ecclesia
1013 4375 1160 4458 predicta,
1182 4380 1227 4442 sic
1248 4385 1282 4456 nt
1302 4377 1468 4460 prefertur,
1498 4379 1642 4464 erigenda
1664 4379 1852 4466 lungendum
1878 4392 1914 4448 et
1935 4387 1967 4448 in

139 4507 237 4574 sacris
257 4501 465 4568 ministrandis
483 4499 623 4578 aliosque
644 4497 815 4564 fiduciarius
837 4511 942 4561 omnes
963 4493 1120 4560 hmatrm
1141 4497 1347 4562 incumbentes
1369 4506 1400 4562 et
1424 4495 1588 4563 officiarios
1613 4502 1645 4564 in
1672 4499 1729 4564 hac
1755 4509 1841 4582 parte
1863 4519 1967 4568 ncces

138 4625 238 4689 sarius
267 4632 296 4686 et
321 4621 446 4685 idoneos
474 4633 685 4700 quoscunque,
718 4633 833 4696 eosque
862 4613 1040 4697 disponendi
1068 4617 1156 4679 when
1184 4617 1301 4695 quoties
1323 4625 1353 4681 ct
1380 4625 1472 4697 preat
1501 4618 1785 4696 maderniacum
1801 4620 1964 4702 lacobsta,

140 4742 271 4808 iohanni
292 4736 473 4817 Leemlrocll,
494 4735 655 4800 Theodoro
675 4734 836 4814 lacobson,
860 4733 951 4798 Petro
971 4731 1074 4816 Splid,
1097 4732 1209 4799 Stataio
1231 4731 1352 4800 dhrens
1372 4745 1401 4800 et
1421 4735 1547 4800 Nicolac
1568 4735 1662 4820 lleyn,
1685 4739 1846 4806 heredibus
1867 4751 1897 4805 ct
1918 4759 1966 4806 as·

140 4863 268 4945 signatis
290 4861 362 4940 suis,
385 4857 532 4922 videbitur
553 4855 584 4920 id
608 4853 753 4934 expediri.
797 4851 834 4916 Et
847 4851 983 4950 ulterius
1004 4851 1211 4919 mandavimus
1234 4863 1263 4918 et
1283 4871 1340 4936 per
1360 4865 1514 4937 presentes
1536 4847 1662 4920 tirmiter
1673 4827 1868 4943 iniungendo
1881 4871 1967 4925 man-

139 4982 249 5046 damus
271 4988 300 5044 ct
321 4979 504 5063 precipimus
526 4973 762 5056 archiepiscopo
785 4971 1005 5052 Cuntuaricnsi,
1028 4969 1178 5056 Episcopo
1200 4971 1393 5064 Londineosi,
1414 4975 1532 5056 Maiori,
1553 4973 1787 5044 vicecomitibus
1809 4987 1838 5044 et
1860 4972 1965 5044 lider-

139 5104 260 5166 mannis
282 5097 416 5164 Civitatis
445 5105 566 5162 nostrae
587 5094 712 5160 London
740 5101 770 5158 et
794 5094 1020 5160 successorihus
1048 5094 1111 5158 sois
1139 5096 1202 5157 sivc
1231 5093 1371 5160 omnibns
1398 5104 1430 5158 ct
1454 5095 1583 5180 singulis
1611 5097 1679 5162 aliis
1709 5096 1966 5182 archiepiscopis,

138 5221 311 5302 Episcopis,
331 5218 526 5294 lusdciariis,
550 5211 730 5292 Oldciariis,
756 5213 901 5280 bliuistns
920 5221 952 5276 et
970 5212 1100 5278 subditis
1120 5213 1233 5278 nostris
1253 5215 1499 5294 quibuscunque,
1532 5215 1613 5294 quod
1634 5219 1810 5296 permittant
1830 5220 1868 5286 da
1891 5227 1967 5288 taut-

137 5357 214 5420 pore
233 5341 267 5402 in
289 5346 408 5420 tempus
427 5344 461 5401 et
481 5334 633 5418 perpetuis
659 5331 769 5398 lutaris
796 5333 984 5414 tempun'lrus
1010 5329 1148 5414 prelatos
1167 5329 1274 5398 Socim
1295 5333 1490 5418 duqmtaoae
1509 5303 1747 5414 commanus
1765 5339 1813 5405 sie
1836 5347 1871 5404 vt
1894 5354 1966 5421 prt-

1707 5485 1760 5543 25·
