4834 6338
702 1541 950 1677 Anhang
982 1569 1098 1649 von
1134 1542 1460 1674 Urknnden,

544 1750 609 1836 die
639 1751 812 1837 Hrnsen
841 1777 894 1836 ιιιι
923 1753 1081 1840 Bosiun
1109 1755 1194 1838 und
1223 1752 1350 1861 Itynn
1379 1749 1615 1843 lctmtend.
1708 1825 1711 1838 .
1769 1689 1773 1698 Ι

194 2175 229 2259 t.
273 2177 395 2284 Klioe'p
425 2177 609 2262 Hnmtct
637 2179 705 2260 tn.
739 2178 886 2261 erldssi
918 2186 1067 2287 meipso
1096 2181 1257 2264 Horren
1288 2180 1351 2264 die
1379 2180 1475 2262 liber
1507 2149 1716 2305 dieselbcal
1732 2205 1781 2260 su
1809 2179 1960 2286 Bosloo

415 2443 421 2456 Ι
524 2333 528 2339 ’
601 2332 839 2438 subimplere
870 2329 1042 2437 Stroforr.
1102 2333 1221 2438 1272,
1252 2333 1404 2442 donent
1432 2334 1500 2420 26.
1520 2335 1555 2438 ¹)
1643 2413 1646 2420 .

316 2513 472 2592 llenricns,
495 2514 549 2578 Del
571 2518 668 2598 pana
691 2532 744 2579 rex
765 2513 905 2599 Angliae,
926 2515 1033 2580 Pontio
1053 2515 1092 2580 de
1114 2515 1200 2581 blora
1221 2524 1252 2580 et
1273 2519 1362 2582 sociis
1383 2520 1458 2595 suls,
1486 2517 1516 2580 in
1539 2517 1681 2581 nundinis
1704 2517 1811 2582 suncti
1831 2513 1994 2604 Botulplu'

163 2633 436 2712 commorantibus,
464 2633 603 2698 salutem.
646 2632 727 2715 Quis
748 2636 967 2712 intelleximus,
994 2633 1075 2715 duod
1097 2633 1166 2700 Vos
1189 2635 1276 2698 lanas
1302 2644 1331 2700 et
1356 2637 1552 2700 mercimonio
1574 2634 1703 2699 llrnoldi
1731 2633 1942 2714 Sootclmnnd,
1955 2635 1992 2714 ς)

161 2751 308 2817 lobannis
330 2753 359 2818 le
380 2750 474 2832 Cure,
504 2751 613 2818 Luderi
634 2753 673 2818 de
694 2753 894 2832 Dertemnnd,
908 2755 945 2835 θ)
968 2755 1108 2819 Wemeri
1129 2753 1167 2818 de
1188 2755 1218 2817 la
1240 2753 1326 2838 llige,
1348 2762 1378 2818 et
1398 2754 1536 2833 lliclteri,
1558 2755 1613 2818 lilii
1634 2750 1768 2832 Cinncrt,
1791 2763 1993 2819 mercatorum

162 2871 250 2935 ducis
279 2870 317 2936 de
337 2871 552 2951 bruneswiulr,
583 2872 745 2938 deLnbelr
766 2874 854 2938 etde
875 2871 1042 2938 llertmnnd
1070 2889 1128 2954 pro
1157 2889 1209 2950 eo,
1238 2871 1320 2951 prod
1346 2875 1642 2937 communicaverunt
1670 2876 1739 2938 cum
1760 2873 1994 2938 flandrensibus

166 2999 272 3056 contra
295 2990 501 3056 inhibitionem
523 3001 670 3071 nostram,
693 3001 724 3056 et
745 2993 834 3059 etium
856 3007 913 3071 pro
928 3007 979 3070 eo,
1002 2990 1083 3070 quud
1105 2990 1254 3072 quandam
1277 3007 1394 3069 navem,
1417 2993 1482 3055 sine
1499 2991 1621 3056 licentia
1640 3001 1755 3068 mostra,
1777 2992 1857 3057 lanis
1872 2996 1992 3056 carcari

162 3109 309 3190 lecerunt,
331 3120 361 3176 et
382 3113 506 3192 insuper
533 3127 591 3190 pro
613 3129 664 3189 co,
693 3111 774 3191 qnod
797 3115 918 3193 pactum
940 3108 1075 3175 lecerunt
1095 3125 1164 3174 cnm
1186 3107 1318 3189 quodam
1341 3109 1511 3174 Lomondo
1532 3110 1570 3176 de
1591 3110 1669 3174 lanis
1691 3113 1755 3176 suis
1776 3093 1991 3197 deliberandis,

161 3228 299 3295 videlieet
320 3247 378 3310 pro
400 3229 534 3310 quolibet
555 3247 643 3296 succo
665 3230 803 3295 lanarum
825 3229 1029 3310 predictarum
1050 3227 1195 3294 soluendo
1212 3228 1372 3294 duodecim
1394 3229 1546 3309 denarios,
1569 3231 1713 3295 arrestum·
1731 3229 1845 3296 lecistis
1866 3233 1896 3294 in
1915 3248 1991 3295 nun·

161 3350 242 3415 dinis
263 3349 426 3430 praedictis
448 3357 477 3414 et
498 3367 534 3414 ca
555 3349 699 3430 praetatis
715 3351 934 3415 morosioribus
956 3349 1055 3414 adbuc
1076 3349 1229 3414 demoliet
1251 3365 1307 3414 nos
1329 3347 1416 3428 iliud,
1438 3349 1520 3430 qnod
1543 3349 1582 3415 ad
1604 3365 1659 3415 nos
1682 3353 1819 3432 pertinet·
1832 3351 1871 3416 de
1891 3360 1990 3416 naus

158 3473 317 3552 gressionc
337 3469 493 3552 praedicta
515 3469 711 3534 charissimae
727 3467 866 3534 'consorti
887 3477 1010 3534 nostrae
1030 3467 1208 3548 Eleonorue,
1230 3469 1354 3552 reginae
1374 3468 1520 3553 Angllae,
1548 3469 1686 3535 dedimus
1708 3471 1746 3534 de
1767 3473 1865 3554 grstia
1886 3478 1991 3536 nostra

160 3589 299 3671 speciali,
322 3599 351 3654 ct
369 3589 481 3654 eisdem
500 3590 717 3654 mercatoribus
734 3587 773 3653 ad
790 3589 963 3654 instantiam
980 3588 1135 3670 praelatae
1151 3591 1275 3673 reginae
1292 3595 1413 3654 nostrae
1430 3587 1541 3653 dictem
1557 3591 1829 3673 transgressionem
1841 3589 1991 3673 perdona-

159 3711 261 3774 uimus
282 3717 311 3772 ct
331 3711 415 3792 ipsos
434 3709 503 3774 inde
520 3709 653 3774 totaliter
667 3709 847 3789 quictamus.
890 3707 928 3773 Et
947 3707 1016 3773 ideo
1038 3710 1123 3774 robis
1143 3707 1333 3786 mandamns,
1355 3707 1436 3790 qnod
1457 3707 1613 3788 praelatos
1633 3717 1815 3775 mercatores
1836 3711 1876 3776 de
1892 3717 1992 3774 trans-

158 3829 368 3912 gressionibus
388 3827 450 3894 illis
471 3829 589 3909 quietos
610 3845 676 3893 esse
697 3829 887 3910 permittatis,
910 3837 939 3894 et
954 3837 1073 3894 centnm
1095 3837 1125 3894 ct
1145 3837 1207 3893 tres
1228 3845 1338 3892 saccos·
1355 3828 1444 3892 lanae
1465 3836 1496 3893 ct
1518 3829 1579 3894 alia
1606 3832 1802 3896 mercimonio
1824 3829 1991 3894 eorundem

159 3955 373 4027 mercatorum,
395 3957 605 4027 praeterquam
630 3945 897 4028 intrapotestrtem
916 3947 1215 4026 eomitislllsudriae,
1238 3945 1277 4012 sd
1296 3946 1489 4012 commodum
1506 3963 1595 4012 sunm
1617 3949 1687 4015 inde
1708 3947 1878 4014 laciendum
1900 3957 1993 4030 prout

159 4065 268 4132 melius
280 4065 420 4145 ridenn,
436 4065 586 4146 expedire.
618 4063 707 4131 teste
719 4065 767 4130 lle
780 4069 860 4148 ipso,
882 4067 965 4149 apud
977 4066 1293 4145 westmonasterium,
1306 4065 1375 4131 xvl
1388 4066 1437 4132 die
1448 4066 1587 4152 Augusti,
1602 4085 1682 4133 anno
1698 4070 1785 4152 regni
1796 4079 1899 4134 nostro
1912 4067 1990 4136 tvl.

157 4323 213 4408 ll.
257 4326 337 4408 Der
366 4325 499 4430 Mopor
537 4326 619 4407 uod
657 4326 719 4407 die
748 4325 901 4435 Bttrper
935 4355 983 4409 sos
1011 4329 1119 4434 ipsso
1157 4329 1375 4434 locutique
1406 4327 1513 4409 olleo
1541 4327 1771 4434 Koulleulco
1808 4357 1879 4411 coru
1902 4331 1989 4456 'der

218 4481 436 4566 deutecbeo
463 4479 600 4562 Hoose
629 4477 711 4564 uile
740 4507 814 4564 rou
843 4482 1041 4566 ultersber
1071 4483 1306 4568 besesseoeo
1334 4481 1494 4564 Beobte.
1555 4481 1677 4587 1310,
1708 4482 1863 4590 Asperat
1892 4483 1927 4564 1.

309 4663 422 4730 Notum
444 4665 483 4729 sit
502 4665 652 4730 uniuersis
673 4671 830 4745 presentes
850 4663 966 4731 litteras
988 4666 1095 4730 visuris
1118 4664 1165 4730 rel
1187 4663 1351 4742 audituris,
1374 4663 1454 4744 quod
1477 4681 1533 4732 nos
1637 4665 1749 4731 ¹lllaior
1768 4675 1799 4730 et
1819 4665 1990 4750 burgenses

156 4782 358 4867 rilleLceoe,
381 4785 477 4848 tocius
498 4785 719 4848 communitatis
742 4792 844 4850 nostre
866 4798 1002 4863 assensn,
1024 4785 1228 4850 concessimus
1250 4791 1280 4848 et
1301 4788 1522 4865 imperpcmum
1537 4781 1549 4869 l!
1566 4786 1724 4850 statuimus
1746 4787 1888 4850 omnibus
1909 4799 1989 4854 mer·
2011 4771 2017 4782 '

157 4904 311 4970 caloribus
337 4902 376 4968 de
404 4899 521 4969 Hoosu
549 4899 736 4986 Alemonie,
768 4905 958 4986 presentibus
989 4912 1020 4967 et
1045 4903 1170 4982 llttnris,
1204 4902 1357 4968 libertates
1389 4904 1586 4985 subscriptas.
1637 4903 1783 4970 Videlicet
1814 4903 1896 4985 quod
1928 4906 1988 4985 ipsi

313 5141 338 5208 ¹)
362 5139 422 5194 bus
441 5140 590 5206 Sedeodurt
604 5139 877 5194 wellen-Urtnndeu.
903 5143 930 5195 s.
946 5139 1003 5194 lii·
1026 5143 1078 5197 llo.
1090 5141 1185 5194 bxxl.
1218 5141 1314 5194 literas
1332 5141 1453 5205 uesutpt
1471 5143 1544 5195 berle
1552 5143 1581 5195 bt
1598 5143 1655 5195 stet
1674 5143 1723 5196 ael
1737 5144 1789 5196 den
1806 5143 1905 5196 tertull
1922 5143 1988 5196 oder

156 5227 234 5280 elueu
252 5225 399 5292 tbulleben,
417 5240 468 5282 ron
485 5227 546 5280 deur
565 5227 613 5278 dut
632 5225 775 5278 sebretbeu
793 5227 842 5280 des
859 5227 1048 5280 Altermsuncs
1066 5225 1113 5278 der
1130 5226 1282 5280 brunebeu
1301 5241 1334 5288 su
1354 5229 1428 5293 brun
1445 5228 1482 5280 tm
1501 5227 1627 5282 ilibeelrsr
1646 5227 1884 5281 urkundenbnebe.
1902 5228 1951 5280 Tb.
1963 5231 1986 5280 l.

157 5314 208 5366 llo·
222 5309 273 5366 titt
290 5312 398 5376 spstcbt.
503 5310 530 5378 ²)
556 5312 656 5365 neoto
670 5309 846 5379 Seotetmrmd,
864 5316 954 5378 spiter
965 5313 1115 5366 tlutbmenn
1132 5324 1166 5364 ru
1179 5311 1297 5364 bibesi.
1333 5311 1412 5366 Slebe
1428 5312 1495 5372 surb
1514 5313 1636 5365 liberter
1650 5312 1864 5366 tirtundeubmb
1881 5327 1904 5366 ι.
1921 5314 1988 5368 ao.

158 5395 185 5464 ³)
213 5395 392 5450 Ver-utbltcb
411 5396 457 5450 der
476 5397 593 5450 budam
610 5399 641 5451 de
658 5398 805 5464 musore,
824 5399 889 5452 elrls
907 5397 1075 5460 Tremonlee,
1093 5398 1120 5452 lu
1138 5398 1185 5451 der
1202 5399 1297 5464 oblgen
1315 5398 1441 5454 Urkunds
1459 5411 1518 5452 rom
1536 5399 1615 5451 lubre
1635 5393 1708 5451 tutti.
