4678 6332
417 653 473 736 ro
537 601 541 612 ⁵
1241 643 1426 743 (toste)

415 938 536 1020 emitur
556 945 669 1012 ροετετ,
692 939 906 1002 interemerat
928 933 1084 1000 libertates
1105 943 1136 998 et
1156 933 1354 1014 uuieuncias,
1377 948 1454 1014 quas
1476 949 1532 1013 per
1553 941 1670 998 caman
1692 949 1797 1012 snam,
1815 934 1849 1012 ι)
1884 949 1976 1014 quam
1998 934 2244 1014 mnirmeaimus,

417 1057 567 1122 concessit
581 1051 822 1122 oneremura'dacs
844 1050 1038 1120 Alcmeonis
1059 1061 1090 1119 et
1118 1053 1188 1118 aliis
1215 1052 1435 1118 mercatoribus
1462 1055 1628 1129 extraneis,
1661 1069 1720 1132 pre
1749 1053 1931 1132 qmbusdam
1956 1055 2194 1135 prestaeimibus
2221 1065 2247 1120 et

416 1175 563 1242 cadomis
585 1191 640 1254 per
661 1175 745 1254 ipsos
766 1181 969 1250 mercatores,
1000 1172 1154 1240 derebus
1176 1181 1205 1236 et
1227 1171 1431 1238 mercimoniis
1453 1174 1535 1248 suis,
1569 1171 1667 1236 mdem
1696 1175 1885 1254 progenitori
1914 1181 2018 1238 neure
2040 1181 2070 1238 et
2089 1173 2245 1238 beredibus

416 1296 479 1360 suls
501 1291 666 1369 soluendis,
689 1295 838 1362 concessit
860 1291 985 1368 eisdem
1007 1290 1090 1370 quod
1112 1292 1171 1372 ipsi
1192 1290 1280 1359 saluo
1296 1298 1328 1352 et
1343 1307 1449 1356 secum
1466 1290 1523 1354 sub
1542 1291 1673 1354 minione
1687 1299 1719 1356 et
1731 1293 1923 1370 protensione
1940 1300 2055 1369 nostra,
2078 1294 2109 1356 iu
2127 1309 2245 1375 reguum

416 1421 552 1480 oostmm
575 1411 693 1494 anglie,
716 1418 746 1473 et
766 1411 946 1489 ubieunque
967 1407 1048 1474 inira
1071 1417 1251 1490 potestatem
1272 1411 1370 1490 ipsius
1393 1409 1597 1492 progenitoris
1619 1414 1716 1474 nostri
1739 1413 1858 1476 veniant
1878 1427 1949 1476 enm
1968 1413 2167 1476 mercandisis
2188 1416 2247 1474 suis

416 1533 667 1612 quibuscumque,
690 1529 728 1594 de
749 1530 899 1612 muragio,
921 1529 1067 1611 portagio
1089 1537 1119 1592 et
1140 1529 1272 1611 panagic
1294 1528 1382 1592 liberi
1403 1536 1433 1591 et
1454 1528 1565 1607 quicti3
1588 1537 1618 1594 et
1639 1529 1720 1607 qued
1743 1529 1828 1594 nulla
1850 1529 1984 1607 exacciu,
2005 1532 2091 1610 prisa
2113 1531 2159 1594 rel
2182 1547 2247 1610 prc-

416 1652 524 1728 stacio,
545 1663 601 1716 seu
622 1649 745 1725 dllaeim
769 1649 929 1717 emenone
951 1651 1034 1727 prise
1054 1647 1092 1710 de
1113 1647 1318 1712 mercimoniis
1341 1654 1370 1710 et
1391 1646 1599 1724 mercandisis,
1622 1663 1675 1712 seu
1696 1647 1767 1712 nlils
1789 1649 1878 1714 bouis
1897 1651 1973 1726 sais,
1995 1665 2052 1728 per
2072 1649 2173 1728 ipsum
2184 1665 2248 1729 pro

417 1771 586 1852 genitorem
609 1776 746 1834 nestrum
769 1766 816 1834 rel
837 1782 894 1844 per
914 1766 1009 1832 alium
1029 1782 1085 1830 seu
1106 1766 1185 1832 alios
1206 1781 1264 1843 pro
1286 1764 1389 1844 aliqua
1410 1767 1589 1830 necessitate
1611 1767 1657 1830 rel
1680 1783 1764 1844 cusu,
1787 1776 1895 1832 cuntra
1912 1767 2094 1832 uoluntatem
2118 1772 2248 1848 ipserum

418 1896 621 1952 mercatorum
643 1885 727 1950 lieret
748 1891 800 1950 aul
821 1885 886 1948 fleri
907 1885 1141 1962 permitteretur,
1166 1884 1224 1947 nisi
1245 1886 1347 1948 statim
1368 1883 1471 1948 soluto
1493 1885 1608 1964 precio,
1632 1901 1690 1963 pro
1711 1901 1772 1964 quo
1795 1887 1855 1965 ipsi
1869 1893 2053 1950 mercatores
2066 1886 2135 1950 aliis
2153 1887 2249 1950 buius·

408 1984 501 2070 'medi
523 2005 720 2072 mercimonia
742 2001 870 2068 rendere
890 2003 1019 2082 possint,
1042 1977 1089 2064 vel
1112 2005 1156 2066 eis
1178 2001 1255 2064 elias
1276 2000 1444 2080 saisirem,
1467 2006 1509 2066 ita
1531 2003 1612 2081 quod
1637 2011 1775 2081 reputent
1791 2021 1826 2068 se
1840 2011 2007 2082 coutentes,
2030 2005 2151 2083 etouud
2166 2021 2250 2084 super

418 2127 625 2200 mercimonia,
647 2122 854 2190 mercandisas
875 2137 929 2186 seu
949 2121 1031 2186 bona
1052 2122 1201 2201 ipsorum,
1223 2125 1402 2201 peripsum
1424 2124 1651 2204 progenitorem
1673 2130 1810 2186 nostrum
1834 2123 1880 2185 rel
1902 2124 2057 2187 ministros
2077 2139 2150 2186 saus
2173 2123 2250 2186 nulla

418 2243 612 2324 appreciucio
632 2258 685 2308 seu
707 2242 863 2306 eslimacio
885 2240 1102 2318 imponeretur,
1124 2257 1160 2302 ac
1182 2239 1323 2306 domiuus
1340 2239 1386 2318 E„
1410 2257 1508 2321 nuper
1524 2240 1708 2323 rexlnglie,
1732 2241 1841 2306 tercirn
1863 2250 1932 2321 post
1953 2249 2164 2321 cenouestun,
2186 2257 2251 2322 pre

418 2365 538 2446 genitur
560 2369 679 2440 noster,
708 2366 901 2441 perreriam
923 2375 1029 2436 suam,
1043 2360 1080 2437 ²)
1110 2375 1202 2438 quam
1224 2359 1364 2424 similiter
1385 2359 1649 2436 commuuimus,
1682 2364 1865 2424 concesserit
1896 2377 1955 2439 pro
1980 2378 2014 2425 se
2042 2369 2072 2425 ct
2094 2359 2250 2424 heredibus

418 2484 481 2546 suis
511 2479 637 2559 pretatis
657 2475 893 2546 mercatoribus
915 2475 1125 2574 Alcmeonis,
1159 2478 1221 2542 illis
1254 2478 1406 2553 videlicet,
1439 2481 1492 2557 uui
1518 2478 1631 2544 babent
1660 2480 1784 2545 domoon
1811 2481 1843 2542 in
1870 2482 1994 2544 sinitote
2020 2479 2176 2557 londun,
2198 2497 2251 2558 oue

422 2597 615 2666 Gildabnllu
641 2596 912 2664 Ibsomor'curssar
933 2597 1099 2678 vulgariter
1121 2574 1329 2678 nuncupatur,
1362 2598 1445 2676 quod
1468 2599 1527 2677 ipsi
1548 2605 1578 2661 et
1600 2613 1706 2662 eorum
1727 2615 1918 2664 successores
1941 2600 2073 2664 rubremi
2094 2607 2125 2662 et
2146 2597 2252 2682 singrdi

419 2719 545 2784 domum
567 2716 736 2796 predictam
764 2725 873 2782 extunc
900 2714 1103 2782 masticantes
1139 2719 1170 2780 in
1192 2717 1332 2780 omnibns
1355 2716 1413 2780 hiis
1435 2717 1626 2781 libertatibus
1648 2723 1677 2780 ct
1699 2717 1802 2782 liberis
1823 2717 2108 2797 conmetndmiurs,
2147 2719 2253 2797 quibus

421 2839 466 2902 vsi
489 2835 609 2902 suerum
630 2845 660 2900 et
681 2836 794 2918 ganisi,
816 2841 1084 2900 manutenerentnr
1104 2838 1327 2916 imperpetuum
1352 2844 1381 2900 et
1402 2845 1616 2913 seruarentur3
1639 2837 1772 2915 et'quod
1794 2838 1878 2916 ipsos
1899 2845 2084 2902 mercatores
2104 2837 2253 2901 ειτηερ
2300 2809 2301 2812 ¹

419 2957 553 3021 iusmodi
574 2957 728 3020 libertates
750 2963 780 3018 el
802 2955 914 3020 liberes
935 2953 1169 3020 eonsuetudines
1191 2971 1251 3018 nou
1273 2952 1421 3032 traheret,
1453 2971 1522 3033 nec,
1551 2964 1698 3033 quantun
1719 2957 1751 3018 in
1773 2957 1840 3035 ipso
1862 2955 1963 3034 luent,
1987 2955 2162 3035 aliqualiter
2183 2956 2254 3019 trabi

420 3078 606 3154 permitteret
613 3094 623 3152 ;
647 3083 676 3138 et
695 3073 779 3152 maed
801 3073 927 3153 predicti
949 3081 1134 3138 mercatores
1143 3071 1322 3138 alemannia
1343 3082 1374 3138 et
1395 3083 1500 3137 eornm
1523 3091 1724 3152 successores,
1747 3075 1915 3153 predictam
1937 3075 2061 3148 demum
2082 3083 2195 3139 extunc
2213 3078 2254 3139 ln

421 3193 604 3272 babitaturi,
640 3198 863 3274 imperpetuum
885 3191 965 3256 inira
987 3207 1114 3274 regnum
1136 3200 1166 3256 et
1186 3199 1365 3272 potestatem
1387 3195 1484 3272 ipsius
1506 3195 1710 3275 progenitoris
1732 3195 1826 3258 nostri
1849 3194 1906 3258 bas
1926 3193 2072 3258 baberent
2093 3194 2254 3268 libertates,

421 3314 578 3391 ridellum,
601 3313 683 3392 quod
707 3313 764 3394 ipsi
785 3319 840 3376 aut
861 3329 964 3376 corum
988 3313 1069 3376 bona
1092 3311 1139 3375 rel
1160 3312 1366 3388 mercimonia,
1388 3309 1468 3376 inira
1490 3312 1569 3375 idem
1593 3327 1720 3394 regnum
1741 3320 1771 3375 et
1792 3320 1983 3393 potestatem,
2004 3329 2061 3393 pro
2084 3313 2189 3392 miquo
2208 3313 2255 3376 de·

421 3434 504 3511 licto,
527 3449 583 3513 pro
606 3449 666 3512 qno
688 3432 881 3496 remmom
904 3439 956 3496 nul
978 3430 1161 3511 principales
1184 3431 1336 3494 debitores
1357 3447 1419 3494 nou
1442 3432 1620 3508 existerent,
1643 3449 1698 3494 nec
1721 3431 1903 3511 praebunt
1924 3433 2171 3514 trangressione
2191 3441 2255 3495 tuuc

420 3552 500 3618 iacta
523 3569 576 3616 seu
599 3561 707 3616 extunc
730 3550 878 3628 iacienda,
901 3566 959 3630 per
980 3550 1057 3636 stips
1079 3559 1169 3628 qmm
1192 3566 1248 3628 per
1269 3553 1354 3629 ipses
1375 3565 1436 3612 non
1454 3557 1676 3614 arrestarenlur
1692 3567 1747 3614 nec
1765 3558 1977 3633 generentur,
2000 3559 2090 3631 prout
2109 3553 2142 3614 in
2166 3551 2251 3614 cartis

422 3681 453 3735 el
472 3671 752 3734 confirmationibus
782 3668 924 3750 predictis
952 3668 1072 3746 plenius
1099 3670 1285 3730 continetur:
1319 3666 1404 3731 robis
1432 3669 1632 3747 precipimus,
1665 3668 1792 3732 tirmiter
1819 3671 2026 3752 iniungentes,
2058 3670 2142 3749 quod
2175 3674 2255 3750 ipsos

423 3797 606 3854 mercatores
629 3788 805 3852 Alemannis
828 3787 1019 3850 libertatibus
1041 3794 1070 3849 el
1091 3787 1270 3865 quietanciis
1291 3785 1450 3865 predictis,
1479 3794 1508 3849 cl
1528 3801 1632 3849 earum
1656 3787 1804 3865 qnalibet,
1839 3803 1944 3852 coram
1965 3789 2054 3852 rubis
2075 3795 2105 3852 et
2126 3797 2255 3852 vestrum

422 3909 558 3986 quolibet
575 3909 613 3970 rli
637 3916 665 3969 et
682 3907 817 3988 gaudere
833 3905 1023 3985 permittatis,
1041 3906 1123 3968 iuxta
1143 3911 1279 3968 tenorem
1289 3913 1449 3970 cartarum
1466 3913 1497 3968 et
1513 3904 1780 3969 eomodonnm
1796 3907 2013 3985 predictarum,
2033 3915 2062 3970 et
2077 3915 2172 3987 prust
2187 3907 2257 3984 ipsis

367 4067 374 4078 ·
423 4030 464 4089 sti
486 4033 515 4088 et
532 4025 665 4108 gaudere
682 4024 800 4102 debent,
823 4025 941 4104 ipsique
956 4032 986 4086 et
1003 4023 1301 4101 predecessores-sni
1318 4022 1491 4086 huiusmodi
1507 4023 1698 4088 libertam
1719 4031 1748 4087 et
1765 4025 1942 4103 quimanriis
1956 4033 1990 4088 et·
2007 4041 2112 4088 earum
2126 4025 2258 4104 qualibet

423 4163 441 4210 a
465 4154 601 4222 tempore
622 4141 817 4206 coelectionis
839 4151 992 4205 cartarum
1015 4151 1045 4204 et
1066 4142 1328 4205 confirmationum
1350 4140 1553 4219 predictarum
1569 4142 1727 4220 bucusque
1749 4143 1794 4205 vsi
1822 4151 1891 4206 sunt
1913 4151 1943 4206 ct
1963 4143 2072 4225 ganisi.
2094 4135 2198 4208 'Teste
2215 4159 2256 4204 me

422 4267 502 4344 ipse,
525 4259 607 4342 apud
630 4259 942 4360 westmonasterium,
965 4259 1028 4322 illl.
1051 4259 1100 4324 die
1123 4259 1288 4334 Februarii,
1310 4275 1391 4325 auno
1414 4261 1500 4342 regui
1522 4261 1619 4359 rostri
1641 4261 1782 4326 vicesimo
1804 4267 1924 4340 quarto.
2010 4260 2177 4346 Sturgron.

423 4483 717 4570 LXXXVIII.
768 4487 1004 4590 Geseugraiso
1026 4485 1097 4566 deo
1116 4483 1354 4564 Gcisllic'lcert
1369 4481 1414 4564 lt.
1437 4481 1616 4587 libysord
1632 4483 1726 4564 tiber
1743 4482 1807 4564 die
1821 4480 1906 4566 lite
1923 4482 1994 4564 des
2015 4481 2081 4567 Iit.
2096 4485 2257 4566 Ferrcrs

513 4640 595 4721 trud
624 4641 696 4720 der
726 4639 922 4718 Addoociu
951 4636 1033 4716 arud
1063 4637 1183 4717 deren
1213 4659 1266 4715 nrt
1294 4635 1340 4714 lt.
1372 4635 1579 4716 Bubclcrcd
1607 4636 1849 4741 pescbebcrte
1885 4635 2176 4744 Ueberlrmprtrry

877 4797 985 4872 eines
1014 4789 1178 4870 Plataea
1208 4815 1260 4868 uu
1292 4790 1362 4868 der
1398 4787 1567 4870 Ibemse.
1630 4789 1810 4890 (raom)

578 4974 620 5038 lle
641 4974 686 5038 bit
706 4975 818 5038 lnewn
842 4981 872 5038 to
895 4971 937 5038 all
960 4981 1040 5038 trws
1060 4973 1174 5051 crisma
1197 4971 1291 5051 pepni
1319 4970 1385 5036 mss
1400 4969 1429 5046 l,
1448 4970 1574 5052 llcgmr
1591 4970 1754 5052 Turium,
1786 4969 1918 5034 brutbar
1938 4967 2097 5051 orosius,
2112 4972 2151 5049 θ)
2178 4989 2257 5035 surs-

425 5102 507 5174 lyme
528 5108 643 5171 parsuu
666 5090 702 5154 oi
718 5091 882 5154 Albalwnn
904 5088 954 5152 the
978 5084 991 5172 I
1013 5087 1137 5170 mychyl
1160 5089 1191 5150 in
1213 5085 1352 5166 Lundun,
1375 5087 1454 5152 haue
1475 5087 1555 5170 good
1580 5089 1806 5154 remembrance
1827 5088 1887 5152 aud
1909 5088 2030 5169 mynde,
2052 5087 2256 5152 lbai'llnomas

431 5227 742 5243 ..ιμ’-

583 5311 607 5378 ¹)
635 5312 703 5363 vom
721 5311 801 5360 labie
822 5305 895 5368 tell,
916 5309 1060 5360 December
1077 5305 1101 5360 7.
1274 5307 1300 5371 ²)
1329 5307 1395 5358 vom
1414 5306 1493 5359 labra
1514 5305 1586 5372 isit,
1604 5307 1723 5361 turtio.
1902 5309 1927 5374 ⁸)
1957 5309 2035 5373 Suom
2071 5309 2108 5362 Se
2127 5311 2199 5363 bless
2217 5312 2254 5360 aiu
