4716 6330
429 657 516 740 128
1206 649 1317 746 ltili,
1343 653 1429 726 Mira
1455 652 1490 723 4.

429 956 507 1016 rum,
530 939 702 1004 libertatum
724 945 754 1000 et
775 935 1025 1000 consuetudinum
1047 933 1270 1017 predictorum,
1293 933 1553 1014 qualitercumque
1576 932 1699 998 debitis.
1742 933 1786 1000 lto
1808 933 1890 1014 quod
1912 935 1972 1015 ipsi
1992 943 2175 1002 mercatores
2196 951 2259 1016 prc-

428 1059 500 1122 dicti
522 1075 579 1120 nec
600 1057 743 1134 aliquem,
765 1055 817 1133 qui
839 1053 878 1118 de
899 1055 1037 1135 ipsorum
1059 1069 1186 1118 numero
1208 1070 1269 1117 non
1291 1055 1412 1131 existat,
1434 1069 1489 1118 nec
1512 1054 1577 1117 eins
1599 1054 1679 1118 bona
1702 1069 1756 1117 seo
1778 1054 1984 1132 mercimonia,
2006 1056 2038 1117 in
2060 1052 2195 1120 iraudem
2210 1058 2259 1120 ad-

428 1183 536 1242 uccent
556 1191 609 1238 seu
632 1173 809 1238 submittant
830 1171 1059 1251 quoquomodo.

581 1291 730 1356 Volumus
752 1292 859 1366 eciam,
881 1297 911 1353 et
931 1306 988 1368 per
1009 1297 1165 1370 presentes
1186 1287 1379 1353 concedimus
1405 1285 1533 1368 pretatis
1561 1289 1799 1367 mercatoribus,
1832 1290 1914 1370 quod
1943 1288 2143 1354 cancellarius
2166 1298 2261 1354 noster

430 1412 539 1495 Anglie
561 1427 597 1474 ac
619 1417 722 1474 custos
744 1410 857 1490 priuati
879 1408 973 1492 sigilli
995 1410 1100 1487 nostri,
1122 1424 1181 1488 pro
1204 1415 1339 1488 tempore
1361 1408 1533 1484 existentes,
1555 1414 1586 1471 et
1606 1422 1712 1471 eornm
1734 1415 1869 1488 vterque,
1892 1416 1936 1473 tot
1957 1416 1986 1471 et
2007 1409 2081 1472 talia
2099 1409 2201 1472 literas
2213 1425 2262 1486 pa·

429 1538 534 1606 tentes,
557 1529 660 1592 brevia
682 1507 712 1592 et
733 1527 795 1592 alia
818 1526 962 1591 mandata
985 1535 1087 1592 nostra
1110 1544 1148 1591 en
1169 1528 1261 1590 cartis
1283 1525 1427 1606 predictis
1449 1532 1477 1590 et
1498 1526 1690 1604 presentibus
1713 1525 1821 1590 litteris
1842 1529 1973 1604 nostris,
1995 1533 2058 1590 tam
2079 1527 2136 1590 snb
2159 1541 2262 1608 magno

431 1663 523 1728 quam
545 1647 664 1726 privato
685 1645 796 1728 sigillis
817 1646 931 1710 nostris
953 1644 1069 1722 denda,
1102 1652 1165 1708 tam
1187 1643 1403 1709 collectoribus
1426 1651 1633 1708 customarum
1655 1651 1685 1708 et
1711 1643 1918 1710 subsidiorum
1947 1652 2120 1710 nosoorum
2141 1647 2175 1708 in
2196 1661 2263 1724 qno

431 1782 560 1844 eumque
581 1773 673 1845 portu
694 1765 781 1847 regni
803 1765 901 1828 nostri
923 1763 1061 1843 predicti,
1083 1780 1120 1827 ac
1142 1763 1319 1828 custodibus
1340 1763 1425 1843 pacis
1446 1770 1476 1826 et
1497 1762 1722 1828 vicecomitibus
1744 1764 1775 1826 io
1798 1777 1987 1844 quocumque
2014 1765 2175 1840 comitatu,
2198 1765 2264 1826 ciui·

432 1891 493 1947 rate
515 1892 545 1946 et
566 1882 639 1947 villa
660 1883 747 1964 regni
767 1882 865 1946 nostri
887 1881 1028 1961 predicti,
1050 1895 1107 1961 pro
1129 1887 1265 1961 tempore
1287 1879 1494 1958 existentibus,
1516 1894 1608 1958 quam
1632 1879 1820 1947 mesomio
1838 1880 2045 1946 etbamnibus
2060 1880 2099 1944 de
2111 1879 2263 1948 scaccario

409 1977 547 2078 nosue,
570 2009 600 2064 et
621 2000 761 2064 omnibns
785 1998 854 2064 aliis
875 1997 1041 2075 officiariis,
1066 1999 1213 2062 ministris
1235 2007 1264 2062 et
1285 1998 1374 2081 ligeis
1396 1999 1508 2062 nostris
1530 1997 1726 2062 etheredum
1749 2006 1933 2076 nostrorum,
1955 1998 2125 2081 dirigenda,
2148 2007 2222 2078 quot
2239 2007 2264 2062 et

430 2118 534 2197 qualia
555 2117 681 2198 pretatis
703 2117 923 2182 mercatoribus
945 2132 999 2181 seu
1022 2132 1127 2180 eorum
1150 2116 1259 2194 alicui,
1292 2131 1350 2197 pro
1372 2117 1554 2180 execucime
1574 2117 1795 2195 premissorum
1817 2115 1966 2180 videbitur
1993 2114 2061 2180 lore
2090 2120 2264 2192 necessaria,
2339 2193 2340 2206 χ

430 2252 485 2300 seu
506 2234 735 2316 quomodolibet
756 2243 916 2316 oportune,
939 2250 974 2297 ac
997 2233 1166 2298 consimilia
1188 2235 1291 2298 brevia
1315 2241 1344 2296 et
1366 2241 1521 2300 warranta
1543 2233 1600 2298 snb
1622 2233 1735 2298 eisdem
1756 2232 1885 2316 sigillis,
1917 2233 2021 2314 qualia
2043 2234 2134 2298 iidem
2157 2249 2265 2298 meros·

432 2363 530 2430 tores,
564 2359 702 2431 pretextu
724 2351 853 2418 alicuius
875 2350 1011 2416 mandati
1034 2353 1131 2416 nostri
1153 2358 1221 2414 ante
1244 2350 1298 2415 bec
1322 2359 1459 2432 tempora
1481 2349 1664 2429 babuerant,
1697 2350 1736 2415 de
1758 2359 1894 2432 tempore
1915 2353 1947 2414 in
1977 2359 2113 2432 tempus,
2147 2351 2265 2416 durante
2339 2399 2340 2412 r

432 2473 562 2536 termino
583 2472 764 2550 prescripto,
786 2471 902 2548 absque
924 2469 1074 2532 dilacione
1096 2468 1162 2532 lieri
1183 2467 1298 2533 iaciant
1319 2476 1349 2532 et
1370 2467 1496 2546 prelatis
1518 2469 1737 2533 mercatoribus
1757 2468 1932 2534 deliberari.

586 2586 713 2650 Proviso
735 2602 870 2666 semper,
894 2586 1025 2665 quodsi
1047 2587 1099 2664 qui
1121 2603 1158 2650 ex
1180 2585 1400 2650 mercatoribus
1421 2585 1580 2665 predictis,
1602 2585 1731 2650 durante
1751 2595 1889 2666 tempore
1910 2586 1999 2652 liuius
2020 2590 2223 2654 concessionis
2241 2598 2266 2652 et

433 2707 624 2784 presencium
655 2705 810 2768 literarum
839 2710 1029 2780 masuerum,
1058 2702 1172 2766 bellum
1200 2701 1305 2767 forsan
1332 2703 1419 2766 nobis
1440 2717 1495 2766 seu
1516 2701 1644 2768 subditis
1666 2705 1778 2768 nostris
1799 2703 2000 2784 quouismodo
2022 2705 2195 2784 intulerint,
2222 2713 2266 2770 aut

434 2830 539 2888 conire
561 2837 617 2886 nos
638 2837 692 2886 seu
712 2821 851 2886 subditos
873 2828 994 2886 nostros
1016 2821 1162 2885 mortales
1183 2837 1237 2886 seu
1259 2820 1386 2886 hostiles
1409 2819 1585 2886 inimicicias
1609 2823 1815 2898 exercuerint,
1848 2837 1902 2886 seu
1923 2821 2039 2900 aliquid
2060 2841 2117 2903 per
2137 2825 2265 2904 predam,

434 2946 494 3005 rim
517 2949 666 3005 armatam
688 2947 741 3005 aut
761 2939 864 3002 hostili
886 2955 971 3002 more
993 2940 1120 3016 iniuste,
1148 2955 1202 3004 seu
1224 2938 1301 3004 alias
1322 2938 1472 3004 malitiose
1494 2940 1751 3018 attemptaverint,
1781 2954 1842 3020 quc
1864 2940 1964 3004 minus
1985 2941 2204 3024 reintegraeio‚
2224 2959 2265 3006 rc

435 3059 583 3122 tormacio
605 3074 659 3121 seu
681 3058 867 3138 composicio
889 3056 1062 3134 concordie,
1092 3057 1229 3121 amicicie
1251 3064 1280 3120 et
1301 3057 1387 3136 panis
1409 3064 1554 3136 perpetue
1575 3057 1653 3120 inter
1674 3072 1779 3140 regua,
1809 3063 1916 3136 terras,
1939 3059 2088 3137 ciuitates,
2110 3060 2223 3142 oppida
2242 3069 2266 3124 et

436 3178 504 3240 loca
526 3176 702 3240 alemannie
724 3184 754 3238 et
775 3173 884 3258 lloglie
906 3190 1071 3253 eorumque
1092 3174 1224 3253 populos
1246 3182 1276 3238 et
1298 3174 1429 3251 incolas,
1457 3174 1653 3238 edectualiter
1677 3174 1823 3253 procedat
1849 3183 1879 3238 et
1899 3175 2033 3240 debitum
2061 3181 2205 3244 sortiatur
2230 3176 2267 3240 ei·

436 3294 565 3371 lectum,
599 3301 708 3358 extunc
729 3293 789 3373 ipsi
811 3291 989 3356 beneucinm
1018 3309 1055 3356 ac
1076 3293 1269 3356 commodum
1299 3290 1422 3372 aliquod
1451 3309 1489 3356 ex
1509 3293 1642 3369 presenti
1669 3294 1863 3357 concessione
1885 3301 1989 3358 nostru
2011 3295 2184 3362 nudateous
2205 3313 2267 3364 ooo·

436 3420 611 3491 sequautur,
634 3427 731 3490 neque
753 3408 793 3473 ad
815 3425 867 3474 eos
890 3409 995 3473 eadem
1018 3411 1174 3474 concessio
1196 3418 1299 3473 nostra
1322 3407 1500 3474 extendatur
1521 3409 1585 3472 ullo
1607 3407 1714 3473 modo:
1737 3409 1822 3474 nullo
1844 3418 1945 3476 tamen
1966 3429 2023 3493 per
2043 3413 2101 3478 lnce
2122 3415 2202 3492 aliis,
2224 3417 2268 3492 qui
2340 3461 2341 3478 r

436 3531 468 3592 in
495 3547 530 3593 ea
560 3538 647 3609 parte
674 3529 797 3593 minime
825 3527 992 3605 culpabiles
1022 3526 1149 3603 luerint,
1183 3528 1350 3605 preiudicio
1378 3527 1560 3610 generando.
1611 3526 1645 3589 ln
1673 3529 1757 3590 cuius
1786 3529 1829 3592 rei
1858 3530 2062 3595 testimonium
2090 3532 2148 3596 bas
2175 3532 2267 3596 literas

436 3656 556 3712 nostras
578 3647 643 3710 lieri
665 3644 792 3709 lecimus
814 3653 962 3726 patentes.
1006 3644 1096 3710 Teste
1118 3662 1166 3708 me
1188 3646 1273 3724 ipso,
1296 3645 1378 3725 apud
1402 3644 1724 3718 Westmcoasterium
1747 3653 1856 3725 quarto
1878 3646 1928 3710 die
1949 3647 2066 3730 Marcii,
2088 3666 2171 3714 anno
2192 3649 2267 3731 regni

436 3767 533 3828 nostri
554 3771 651 3828 sexto.
695 3763 754 3825 Per
776 3765 866 3827 breve
888 3763 926 3828 dc
947 3764 1066 3842 privato
1089 3763 1201 3844 sigillo,
1224 3770 1253 3826 et
1275 3763 1313 3826 de
1335 3763 1406 3827 data
1427 3762 1563 3843 predicta
1585 3767 1762 3826 auctoritate
1783 3763 1988 3844 parliamenti.

2015 3882 2123 3967 Bagot,

591 3995 634 4062 lc
657 3995 777 4064 dorso:
810 3997 1005 4062 lrrotulatum
1027 4000 1057 4062 in
1081 3998 1288 4063 memorandis
1309 3997 1478 4077 scaccarii,
1507 3997 1663 4076 videlicet,
1692 4000 1772 4063 inter
1793 4000 1918 4064 recorda
1941 4001 1979 4065 de
2003 4003 2130 4067 termino
2154 4003 2267 4076 Pascbe,

439 4133 520 4182 anuo
541 4124 627 4180 sexto
649 4117 731 4198 regis
752 4115 899 4182 Edwardi
920 4119 1031 4196 quarti,
1054 4115 1156 4183 rotulo
1177 4117 1322 4194 secundo,
1343 4133 1380 4180 er
1402 4125 1490 4196 parte
1511 4118 1757 4180 rememoratcris
1778 4123 1870 4200 regis.

439 4368 576 4457 cxli.
607 4374 730 4481 Klioip
750 4375 922 4456 udcmd
942 4375 968 4454 1
970 4374 1010 4454 V.
1037 4376 1220 4478 beacuqei
1246 4375 1332 4460 dem
1354 4373 1484 4457 Boibe
1507 4401 1557 4454 au
1579 4375 1778 4479 Hnmburq
1803 4383 1912 4456 seiae
1934 4377 2265 4484 Beree'ltoillt'qlteil,

679 4529 743 4607 die
768 4527 1006 4608 bocciccltcrt
1029 4525 1264 4631 Prinilcqe'eo
1286 4554 1334 4608 aaa
1355 4527 1597 4631 nerldcpem.
1659 4526 1778 4629 1c67,
1809 4528 1919 4608 Mdrc
1940 4529 1978 4609 tl.
2000 4527 2034 4631 ¹)

593 4707 776 4786 Edwatdos,
798 4708 853 4772 Dei
875 4711 979 4791 gracia
1003 4723 1056 4772 reu
1079 4707 1188 4790 Anglie
1210 4716 1239 4772 et
1261 4707 1401 4773 dominus
1422 4707 1574 4788 llibcmie,
1597 4707 1815 4791 spectabilibus
1836 4717 1866 4774 et
1887 4712 2018 4792 egregiis
2040 4712 2124 4790 risis,
2147 4712 2267 4778 Procon-

439 4825 556 4898 sulibqs
577 4833 608 4888 et
623 4823 806 4890 Consulibus
828 4826 957 4890 ciuitatis
974 4824 1222 4908 llamburgensis,
1246 4827 1353 4890 amicis
1374 4829 1486 4892 nostris
1508 4829 1684 4905 carissimis,
1707 4827 1845 4892 salutem.
1880 4827 1995 4892 literas
2017 4799 2145 4910 vestras,
2166 4829 2266 4894 mensis

439 4943 619 5008 Novembris
640 4942 739 5007 ultimi
760 4943 810 5007 die
832 4945 919 5008 tertio
936 4945 1077 5024 scriptas,
1100 4959 1200 5022 nuper
1221 4944 1390 5024 recepimus
1396 4963 1407 5023 i
1429 4946 1540 5023 quibus
1563 4947 1695 5024 tandem,
1718 4953 1789 5027 post
1810 4945 1955 5010 nonnulla
1974 4949 2118 5028 variaque
2138 4961 2266 5012 sermone

441 5063 572 5145 eleganti
593 5069 622 5124 et
644 5061 749 5126 ordine
771 5061 864 5143 longo
886 5069 1021 5140 narrata,
1044 5063 1171 5144 aggredi
1193 5079 1250 5128 nos
1270 5063 1412 5142 precibus
1431 5063 1583 5141 videmini,
1606 5062 1732 5128 velimus
1754 5066 1785 5126 in
1808 5063 1927 5142 aliquos
1950 5063 2048 5131 denuo
2070 5083 2166 5132 annos
2188 5076 2265 5130 usum

599 5312 624 5377 ¹)
652 5311 710 5364 lna
729 5315 789 5367 dena
808 5314 944 5380 originale
961 5317 1009 5368 das
1028 5291 1252 5378 bamburgiaeban
1269 5312 1408 5378 Arcblres,
1424 5316 1474 5368 mtt
1490 5316 1704 5380 anigedrncltcm
1724 5317 1819 5380 sisset.
