4834 6338
577 673 616 748 0
851 641 961 738 ruas,
986 647 1109 739 amna
1133 642 1194 714 11.
1851 645 1933 728 151

110 927 229 1016 (Fclgt
249 926 342 1017 ccipe
364 927 429 997 Nc.
452 926 543 1013 ull,
569 949 647 996 coss
666 925 769 996 dulae
790 925 912 1010 astu,
943 929 1042 999 Hdrz
1063 927 1120 997 17.
1129 931 1149 1013 )
1191 928 1329 994 Vidimus
1357 930 1482 1012 insuper
1509 937 1538 994 et
1569 933 1758 1012 inspeximus
1784 929 1937 1009 quandam

110 1057 229 1126 cam,
249 1050 363 1132 sigillo,
383 1059 419 1114 nt
437 1051 593 1127 ms,
615 1049 739 1114 liobeti
760 1049 822 1118 Flu
844 1049 968 1130 bobeno
989 1053 1067 1116 cinis
1087 1051 1220 1115 suiuus
1234 1047 1384 1140 lpndon,
1407 1067 1476 1114 cera
1492 1051 1586 1116 rubra
1600 1055 1749 1130 impresso
1761 1050 1936 1133 sigillatam,

110 1173 137 1232 io
157 1168 212 1232 bec
233 1168 336 1234 meua.
380 1165 509 1234 “Sciant
528 1177 684 1249 wasemes
705 1177 736 1234 ct
756 1168 868 1247 muri,
902 1170 984 1250 qued
1011 1187 1069 1255 ego
1096 1169 1248 1234 Robertos
1273 1167 1337 1230 diu
1364 1168 1492 1247 liobam,
1524 1171 1602 1234 einis
1629 1170 1759 1234 sicimis
1787 1168 1936 1247 bomon,

109 1288 184 1364 dedi,
205 1291 342 1354 manassi
361 1296 393 1350 et
412 1288 472 1352 bac
493 1290 625 1370 presenti
648 1295 731 1353 carta
748 1289 1025 1366 nea1ccolirmaui,
1047 1287 1285 1364 lobanniNeeil,
1307 1289 1454 1370 magistro
1475 1287 1584 1354 domus
1604 1290 1702 1353 sancu
1717 1288 1835 1352 Tbcmc
1854 1303 1937 1352 mar·

109 1408 169 1470 liris
191 1407 263 1471 dicti
281 1405 322 1470 de
343 1405 428 1470 deoc
448 1405 598 1484 lundon,
620 1405 749 1472 limum
769 1407 916 1489 llrcwyl,
939 1407 1155 1484 aldemanus,
1187 1406 1318 1471 tebanm
1341 1405 1453 1484 Gracc,
1476 1417 1634 1488 peautru,
1666 1407 1784 1471 unium
1803 1408 1937 1470 ciuiuus

107 1525 245 1606 predicte,
269 1525 437 1590 willielme
457 1525 604 1607 llirlselsy,
626 1525 748 1604 deice,
768 1535 801 1592 et
821 1526 952 1592 lllcardc
969 1527 1068 1608 llaoy,
1091 1527 1260 1608 capellano,
1283 1529 1384 1590 onnia
1407 1533 1503 1590 terras
1523 1534 1555 1590 et
1577 1535 1759 1603 tensum,
1787 1525 1935 1602 rcddltm,

108 1645 290 1708 reversiones
311 1653 341 1708 et
362 1646 499 1722 uminis,
522 1661 590 1709 eam
611 1647 753 1710 omnmos
775 1655 805 1710 et
824 1645 954 1730 augulis
975 1649 1039 1710 susis
1060 1647 1271 1726 pertinenciis,
1302 1663 1364 1724 aaa
1384 1645 1482 1710 balteo
1502 1648 1534 1710 in
1556 1644 1712 1726 pascuus
1732 1645 1820 1710 beate
1842 1645 1936 1708 llarie

106 1763 475 1846 de‘lllderrnasycbircbe,
498 1746 597 1828 ssocti'
615 1763 769 1843 amonim,
794 1759 951 1831 θωὲυοη
974 1761 1169 1830 mnan
1188 1763 1235 1830 od
1255 1763 1383 1849 senum,
1415 1768 1513 1830 sancti
1534 1764 1706 1842 Pancrceii,
1732 1763 1821 1828 beate
1842 1763 1936 1827 blane

106 1885 139 1946 de
154 1881 346 1963 Golclrirclre,
368 1884 464 1948 saneti
480 1881 791 1963 llartiniPomers1)
810 1893 842 1948 et
863 1887 960 1948 uncti
974 1883 1133 1948 baercncii
1154 1885 1185 1946 in
1205 1886 1295 1948 vauri
1309 1883 1476 1962 ludaismo,
1499 1887 1534 1960 in¹
1547 1886 1668 1950 ciuitate
1685 1883 1833 1960 booten..
1856 1891 1886 1946 et
1906 1883 1937 1946 in

106 2002 245 2082 parocbia
269 2005 366 2066 mccli
388 2001 529 2082 Botulpbi
550 2011 637 2067 esua
658 2001 884 2086 llldrielsegate,
907 2004 938 2066 in
958 2003 1106 2068 suburbia
1124 1993 1263 2068 eiusdem
1283 2005 1432 2081 dubus,
1466 2004 1606 2068 habenda
1629 2011 1662 2067 et
1684 2002 1813 2070 unm&
1833 2004 1937 2068 cronia

105 2121 247 2200 predicta,
270 2131 368 2186 terras
390 2131 419 2186 et
439 2131 625 2219 tenemento,
646 2121 795 2204 redditas,
818 2125 1006 2186 reversiones
1028 2131 1059 2186 et
1077 2123 1220 2200 seruicia,
1244 2139 1312 2186 eom
1334 2124 1476 2188 omnibus
1496 2132 1527 2187 et
1546 2123 1676 2207 siugulis
1698 2125 1762 2194 suis
1783 2124 1936 2202 mbram-

106 2241 163 2317 cils,
182 2249 217 2304 ut
239 2241 412 2320 predictam
431 2251 492 2320 est,
512 2240 640 2322 prelatis
659 2241 792 2306 tabaco
813 2239 897 2318 liet,
930 2239 1062 2306 lleorico
1083 2241 1234 2322 Frowyit,
1264 2240 1394 2307 iohanni
1416 2241 1529 2321 Graue,
1562 2242 1730 2306 willielmo
1750 2241 1885 2322 llirkeby
1905 2247 1936 2304 et

106 2360 226 2424 licando
254 2359 349 2443 Bury,
370 2377 537 2440 commone
558 2361 719 2426 heredibus
740 2367 770 2423 ct
792 2361 954 2443 assignetis
975 2363 1207 2440 imperpetuum,
1230 2360 1268 2424 de
1290 2362 1471 2442 capitalibus
1491 2361 1622 2426 dominiis
1634 2361 1793 2426 leodunum
1809 2359 1934 2424 illorum

108 2498 155 2559 per
173 2482 305 2544 servicia
327 2480 397 2544 inde
416 2477 520 2544 debite
541 2489 571 2544 et
590 2479 629 2543 dc
650 2484 893 2545 iure‘eoococta.
935 2479 973 2542 Et
1000 2496 1060 2562 ego
1081 2495 1153 2542 sero
1181 2478 1334 2560 predictos
1354 2481 1504 2546 liebertus
1526 2481 1588 2544 dita
1610 2481 1724 2545 ltobert
1751 2488 1780 2542 et
1808 2477 1935 2542 heredes

108 2604 167 2676 mei,
187 2601 294 2664 omnia
315 2599 501 2681 supradicta,
524 2606 620 2664 urnas
642 2607 672 2662 ct
694 2607 871 2677 tenemento,
894 2597 1045 2677 raddim,
1068 2599 1256 2662 reversiones
1277 2608 1308 2662 et
1323 2601 1474 2678 sommia,
1507 2617 1576 2664 curn
1597 2600 1737 2664 omnibns
1758 2606 1788 2662 ct
1807 2597 1936 2679 augulis

108 2719 161 2782 sois
181 2721 393 2799 pertinenciis,
413 2716 540 2798 peclatis
559 2716 691 2782 iohanni
711 2717 816 2796 llacll,
832 2717 962 2783 Hensico
975 2717 1129 2800 dreoyl,
1150 2716 1282 2782 lobanm
1297 2715 1405 2798 Gracc,
1427 2717 1595 2784 willielmo
1609 2718 1744 2799 llirlseby
1764 2715 1935 2782 etllicardn

109 2837 196 2919 bary,
219 2853 396 2917 eorumque·
410 2836 575 2902 heredibus
595 2845 626 2902 et
647 2839 825 2921 assigum,
848 2846 954 2902 contra
971 2853 1081 2902 omues
1102 2845 1208 2920 gentos
1229 2839 1498 2903 warantizabimus
1521 2840 1753 2918 imperpetuum.
1796 2835 1830 2900 ln
1850 2837 1938 2900 caius
2037 2846 2042 2855 ·

109 2961 143 3020 rei
162 2957 370 3023 tesbmonium
392 2957 462 3021 baie
481 2960 616 3038 presuli
638 2963 720 3020 carte
741 2973 807 3022 mee
828 2957 960 3039 sigillam
982 2973 1082 3022 meum
1102 2958 1245 3036 apposui,
1267 2955 1405 3022 lobanne
1421 2956 1557 3039 urokby
1576 2965 1649 3021 tunc
1670 2957 1786 3020 maiore
1804 2956 1935 3020 deiude

109 3075 257 3155 london,
287 3077 404 3140 ubcma
425 3074 554 3140 Chelton
576 3084 605 3140 et
623 3075 761 3146 lobsune
783 3073 890 3158 llysge
919 3084 989 3138 tunc
1010 3075 1234 3138 vmccumitibus
1255 3076 1390 3140 eimdem
1412 3077 1551 3139 cisimus.
1595 3073 1660 3138 lliis
1677 3075 1822 3138 testibus:
1856 3072 1935 3136 Wil-

44 3275 45 3282 *
109 3195 198 3260 lielmo
214 3195 369 3278 Gregory,
388 3193 563 3276 pelliparia
584 3193 722 3260 musone
738 3193 881 3273 neuen,
901 3209 1049 3273 macero,
1070 3194 1208 3258 labeone
1223 3193 1351 3273 Brilles,
1374 3196 1533 3276 pancerio,
1556 3191 1661 3258 &icco
1682 3192 1772 3272 Acce,
1793 3209 1933 3275 grocerc

108 3313 235 3396 Philippo
262 3313 390 3392 Pessell,
412 3315 536 3390 cissore,
554 3312 696 3377 Jcbanoe
715 3311 858 3392 Smman,
881 3311 1079 3393 lctberscller,
1101 3313 1238 3378 lobanne
1260 3312 1422 3397 Saymour,
1444 3329 1592 3391 nurnero,
1612 3312 1744 3378 ltieardc
1766 3311 1932 3389 Waltbsm,

109 3433 232 3499 iohanne
260 3433 404 3510 bomon,
438 3431 552 3496 sivibss
572 3431 709 3496 boudou.
731 3429 885 3498 cernuus
905 3434 986 3498 abis.
1030 3432 1106 3498 liata
1129 3432 1281 3512 london„
1311 3435 1451 3498 rbesimo
1472 3431 1521 3496 die
1542 3433 1654 3496 mansis
1675 3431 1821 3514 bugasti,
1851 3447 1933 3494 anno

111 3557 184 3638 regni
206 3556 293 3636 reads
313 3551 435 3616 ilenrici
456 3548 539 3616 Sesti
560 3559 630 3630 post
651 3561 848 3632 mnneestum
870 3551 978 3634 anglie
999 3551 1208 3616 duodecimo.”
1222 3553 1259 3630 ῃ)

254 3673 298 3735 lle
319 3673 416 3734 ceiam
437 3669 566 3734 eidimus
585 3679 617 3734 et
637 3672 823 3751 inspeximus
845 3671 998 3751 quandam
1020 3680 1135 3735 cerum
1155 3671 1358 3749 intentatam,
1387 3671 1515 3754 sigillis,
1544 3679 1577 3735 ut
1597 3671 1758 3746 essentne,
1787 3669 1934 3734 lobannis

110 3793 198 3871 Neell,
233 3793 374 3874 magistri
401 3791 509 3855 domus
535 3793 632 3854 sancti
660 3789 775 3855 tuom
802 3792 934 3855 martiris
961 3791 1031 3855 dicti
1060 3790 1098 3855 de
1118 3790 1202 3855 deon
1224 3789 1377 3868 london,
1409 3790 1528 3855 llenriei
1552 3790 1699 3872 Frowyls,
1733 3789 1932 3866 aldermanni,

109 3913 246 3976 lobannis
268 3908 376 3988 Graec,
397 3917 549 3988 peautrer,
572 3911 684 3973 ciuium
706 3912 835 3974 ciuitatis
857 3907 1004 3990 Londcn„
1026 3910 1186 3975 wiliielmi
1206 3909 1351 3992 llirleby,
1374 3910 1488 3984 clerici,
1519 3917 1548 3972 et
1570 3908 1692 3972 Ricardi
1713 3908 1809 3990 bary,
1831 3907 1933 3988 capel-

111 4031 173 4112 uni
195 4050 266 4098 cera
289 4032 383 4094 rubra
404 4030 560 4109 impressis
580 4029 756 4111 sigillatam,
777 4033 811 4094 in
832 4029 887 4095 bec
910 4032 1012 4098 suba.
1057 4027 1188 4098 “Sciant
1208 4039 1363 4111 presentes
1385 4039 1414 4094 et
1441 4029 1552 4107 tutori,
1586 4029 1667 4110 qood
1696 4044 1753 4097 nos
1778 4028 1934 4096 lebannes

111 4151 205 4231 Neell,
229 4152 374 4234 magister
395 4148 504 4214 domus
525 4150 620 4213 sancti
641 4147 756 4214 Tbcme
778 4151 912 4214 martiris
934 4149 1005 4214 dieti
1027 4150 1064 4214 de
1086 4149 1170 4214 Acon
1193 4149 1345 4226 Laudem,
1369 4148 1515 4213 llenrieus
1536 4148 1685 4232 Frcwylr‚
1708 4149 1932 4225 aldermannus,

110 4270 255 4336 lebannes
278 4268 386 4346 Graec,
408 4277 559 4350 peautrer,
582 4271 664 4334 ciues
685 4266 819 4334 eiusdem
841 4271 981 4348 ciuitatis,
1003 4267 1188 4334 Willielmus
1209 4269 1359 4350 llirkeby,
1383 4269 1521 4347 clericus,
1544 4277 1573 4332 et
1594 4269 1742 4333 Ricardus
1763 4267 1860 4349 basy,
1883 4285 1932 4330 ca-

111 4392 253 4470 pellanus,
276 4389 455 4466 dimisimus,
478 4386 664 4454 tacuerimus
686 4398 716 4454 et
732 4388 792 4456 bec
814 4391 947 4470 diesem
968 4399 1051 4454 cans
1072 4399 1177 4453 nostra
1200 4391 1352 4454 indentata
1375 4387 1808 4468 confirmavimusldargarcte,
1830 4387 1933 4450 relicte

110 4509 226 4576 lloberti
247 4511 309 4574 Fitz
331 4509 455 4586 llcbert,
478 4507 533 4572 dlii
557 4507 681 4574 llcbcrti
700 4508 762 4572 Fiu
785 4508 907 4588 liabent,
926 4525 1026 4588 nuper
1048 4511 1123 4572 ciuis
1145 4516 1174 4572 et
1194 4511 1313 4592 gressui
1333 4507 1488 4585 london,
1512 4507 1612 4570 omnia
1635 4505 1699 4584 illa,
1722 4513 1817 4570 terras
1839 4515 1868 4570 et
1889 4514 1932 4568 te·
1995 4575 1997 4580 ,

111 4639 252 4710 cementa,
275 4629 410 4694 redditus
431 4636 461 4692 et
482 4629 608 4692 servicia
629 4644 698 4693 cum
720 4630 923 4710 pertinenciis,
945 4645 1004 4710 que
1026 4645 1082 4693 nos
1099 4627 1210 4710 prelati
1224 4627 1388 4706 lebannes,
1402 4627 1560 4705 llenricus,
1572 4626 1735 4704 lebannes,
1746 4625 1933 4690 Williclmus

112 4758 137 4812 et
155 4751 303 4815 Ricardus
325 4765 421 4828 nuper
442 4749 623 4834 coniunctim
646 4747 825 4826 babuimus,
858 4767 896 4814 ex
918 4749 1015 4832 donc,
1054 4750 1248 4812 concessione
1270 4757 1299 4812 et
1320 4747 1552 4811 confirmacione
1579 4746 1708 4824 predicti
1734 4745 1857 4810 liuberti
1879 4745 1932 4810 lilii

111 4868 239 4948 liuberti,
261 4872 292 4932 in
312 4868 458 4948 parocbia
484 4863 639 4932 Omos‘eoo
661 4865 856 4934 &ocimum
878 4867 923 4936 od
942 4868 1054 4953 secam
1075 4867 1111 4933 s'o
1125 4865 1271 4954 Reperio
1284 4863 1448 4948 leodem,
1473 4864 1610 4930 habenda
1631 4874 1661 4928 et
1682 4864 1810 4930 tenenda
1831 4867 1933 4929 omnia

112 4991 251 5067 predicta,
266 4979 370 5052 'terras
392 4995 421 5050 et
444 4995 609 5051 tenemento
631 5003 700 5050 cum
721 4990 928 5066 pertinenciis,
962 4987 1078 5068 prelata
1099 4987 1268 5070 Margarete
1295 4994 1325 5050 et
1346 4987 1508 5069 assignatis
1537 4987 1619 5064 suis,
1652 4985 1690 5049 ad
1718 4994 1812 5050 mtam
1840 4989 1932 5050 vitam

112 5109 238 5174 eiusdem
251 5109 430 5190 Margarete,
448 5108 562 5186 absque
573 5107 879 5236 inpeticione'ncstri
897 5117 1071 5172 nostrorum
1088 5105 1233 5171 heredum
1250 5123 1303 5172 seu
1321 5103 1550 5190 assignatorum
1562 5114 1746 5183 nostrorum,
1763 5105 1801 5170 de
1819 5109 1932 5187 capita·

264 5362 287 5429 Ι)
314 5364 435 5416 Pomers.
470 5365 546 5416 Ltese
573 5362 680 5428 Orgars.
715 5361 803 5428 Vergl.
823 5364 891 5416 oben
909 5364 959 5416 llo.
978 5362 1055 5420 (lxv.
1074 5359 1180 5418 lintel-
1336 5361 1362 5427 ²)
1391 5359 1465 5427 llud,
1483 5361 1589 5426 August
1604 5359 1648 5414 uu.
