4702 6346
918 685 1026 785 1282,
1052 693 1139 764 luni·
1178 742 1183 751 -
1892 707 1945 790 15

43 983 56 994 ·
109 969 295 1044 mercatores
317 963 355 1027 de
375 963 472 1029 banaa
493 965 688 1046 alemannie,
710 969 867 1036 incudem
890 973 1011 1038 ciuitate
1033 983 1105 1039 tunc
1128 984 1296 1056 morantes,
1325 997 1362 1044 cx
1384 983 1495 1062 altera,
1526 1001 1619 1065 super
1640 991 1836 1067 reparacioue
1858 1001 1946 1071 porte

109 1080 255 1159 predicte,
279 1097 338 1160 que
361 1082 533 1148 minabatur
554 1088 691 1165 ruinem3
715 1088 754 1152 ad
776 1091 862 1154 cuius
883 1095 1142 1158 construccionem
1166 1103 1194 1158 et
1216 1101 1442 1177 reparaciouem
1465 1102 1556 1166 iidem
1580 1115 1764 1172 mercatores
1785 1125 1820 1172 ao
1843 1109 1895 1173 alii
1908 1110 1946 1174 de

106 1199 243 1280 predicta
262 1200 356 1265 hansa
373 1201 410 1266 de
429 1205 566 1284 partibus
579 1205 767 1286 Alamannia,
785 1186 824 1271 ad
840 1209 966 1274 eandem
986 1213 1138 1275 ciuitatem
1158 1215 1352 1296 conduentes,
1373 1221 1630 1298 proquibusdam
1649 1224 1846 1308 libertatibus,
1869 1245 1946 1308 quas

106 1317 195 1381 iidem
219 1327 406 1384 mercatores
427 1321 539 1386 babent
560 1325 590 1386 ln
613 1325 734 1390 ciuitate
756 1327 908 1406 predicta,
943 1339 973 1392 et
993 1331 1102 1409 quibus
1131 1331 1224 1415 longo
1248 1343 1383 1416 tempore
1404 1340 1563 1403 occasione
1585 1346 1824 1409 construccionis
1846 1355 1875 1409 et
1896 1364 1944 1410 re·

106 1438 280 1517 neronianis
302 1437 474 1504 huiusmodi
497 1443 541 1504 vsi
561 1440 691 1520 inemnt,
716 1452 745 1508 vt
768 1444 858 1509 iidem
881 1449 980 1511 maior
1001 1458 1031 1511 et
1052 1451 1133 1512 ciues
1156 1454 1332 1517 querebant
1354 1471 1413 1534 qua
1433 1459 1592 1522 occasione
1610 1460 1738 1525 districti
1753 1471 1850 1541 erant,
1873 1464 1944 1528 licet

106 1564 291 1620 mercatores
314 1557 713 1638 predicti'contradicerent,
741 1562 798 1627 hoc
821 1563 885 1627 beri
909 1581 968 1629 non
990 1567 1118 1632 debere:
1154 1587 1189 1632 ac
1211 1570 1359 1650 pendente
1380 1574 1553 1639 huiusmodi
1574 1582 1779 1658 contencione,
1803 1581 1943 1646 domiuus

104 1692 154 1737 rex
177 1674 307 1758 buglie,
341 1676 379 1740 ad
401 1679 626 1760 suggestionem
648 1679 797 1744 dictorum
819 1684 944 1747 maioris
965 1693 995 1747 et
1016 1687 1145 1763 ciuium,
1179 1689 1367 1753 thesaurario
1390 1701 1420 1755 et
1442 1694 1607 1759 baronibus
1636 1699 1699 1760 suis
1720 1698 1759 1762 de
1781 1698 1942 1764 Scaccario

103 1794 248 1858 scriberet
272 1812 328 1874 per
350 1796 442 1859 breue
463 1813 561 1873 sunm,
584 1804 623 1873 rt,
648 1800 759 1861 roratis
781 1801 917 1879 partibus
940 1819 1042 1866 coram
1066 1805 1109 1868 eis
1132 1815 1161 1869 et
1182 1807 1324 1886 inquisita
1348 1811 1472 1873 veritate
1494 1829 1587 1892 snper
1609 1814 1685 1892 hiis,
1714 1817 1740 1879 si
1762 1819 1939 1896 instrument,

103 1913 182 1992 qnod
213 1913 288 1976 dicti
324 1923 508 1978 mercatores
535 1913 574 1981 ad
602 1919 829 1996 reparaciouem
855 1919 935 1985 dicte
963 1929 1050 2002 porte
1079 1930 1267 2001 tenerentur,
1309 1942 1361 1989 eos
1388 1927 1426 1991 ad
1456 1927 1514 1994 hoc
1543 1929 1776 2015 distringerent,
1819 1935 1940 2000 tandem

102 2032 240 2112 partibus
264 2047 367 2096 coram
390 2032 477 2096 dictis
499 2031 688 2097 thesaurario
718 2043 747 2098 et
768 2038 933 2102 baronibus
956 2042 1158 2119 venientibus,
1192 2059 1260 2105 cnm
1282 2044 1374 2109 nichil
1398 2063 1433 2110 ex
1456 2057 1543 2130 parte
1565 2046 1713 2115 dictorum
1737 2063 1939 2117 mercatorum

102 2154 293 2232 pmpositum
321 2160 417 2229 essct,
451 2152 532 2230 qnod
561 2132 613 2216 eos
636 2170 653 2215 a
677 2155 871 2234 reparacionc
898 2154 1071 2220 huiusmodi
1101 2175 1245 2223 excusare
1272 2160 1410 2242 deberet,
1443 2168 1604 2247 presertim
1634 2185 1702 2232 cnm
1729 2171 1767 2233 de
1790 2170 1938 2248 libertate,

103 2287 190 2348 quam
219 2270 336 2333 habent
364 2271 394 2333 iu
424 2272 545 2334 ciuitate
574 2270 726 2349 predicta,
760 2281 912 2337 constaret
940 2275 979 2338 ad
1008 2277 1173 2356 liquidnm,
1210 2296 1245 2341 ac
1272 2297 1328 2359 per
1354 2282 1411 2345 boc
1433 2294 1610 2363 preceptum
1640 2295 1718 2350 esset
1739 2304 1795 2367 per
1816 2289 1938 2353 eosdem

102 2389 323 2452 thesaurarium
357 2395 386 2451 ct
417 2387 564 2467 barones,
598 2389 706 2453 maiori
739 2397 768 2453 et
797 2393 1020 2457 vicecomitibus
1052 2395 1212 2474 predictis,
1246 2397 1327 2475 quod
1357 2415 1410 2462 eos
1438 2401 1476 2464 ad
1504 2406 1733 2482 reparaciouem
1763 2405 1938 2473 huiusmodi

101 2507 324 2591 distringerent.

252 2625 437 2689 Mercatores
470 2625 597 2705 predicti
630 2627 783 2690 videlicet:
828 2625 982 2694 Gerardns
1015 2629 1174 2709 Merbode,
1208 2633 1422 2698 aldermannus
1456 2637 1551 2701 banse
1579 2638 1728 2718 predicte,
1762 2640 1937 2722 Ludotphus

101 2743 135 2806 de
173 2741 337 2822 Cusieldc,
380 2745 457 2808 cinis
495 2740 634 2821 Colonie,
680 2743 816 2809 Lndcrus
854 2743 893 2811 de
930 2747 1107 2827 buneuarc,
1151 2751 1310 2836 burgensis
1348 2752 1526 2833 Tremonio,
1569 2757 1723 2822 lohannes
1763 2757 1801 2824 de
1839 2759 1936 2839 Erest,

100 2864 258 2946 burgensis
291 2861 469 2940 Tremouie‚
512 2861 686 2944 &ruamus
719 2864 757 2928 de
789 2863 978 2952 llamburgo,
1024 2868 1183 2952 burgensis
1223 2870 1261 2933 de
1293 2869 1486 2956 llamburgo,
1531 2872 1707 2958 Godesltalh
1746 2875 1784 2941 de
1815 2877 1936 2943 Hnden-

101 2983 179 3060 dale,
224 2983 386 3064 burgensis
424 2980 601 3056 Tremonio,
645 2980 798 3045 lohannes
836 2984 875 3046 de
914 2983 1007 3064 Dole,
1052 2987 1213 3068 burgensis
1252 2987 1444 3067 Mouasten‘i‚
1490 2999 1560 3055 tuuc
1599 2995 1630 3057 in
1668 2995 1773 3059 eadem
1815 2999 1935 3060 ciuitate

100 3103 275 3177 existentes,
316 3117 373 3181 pro
405 3117 438 3163 se
470 3107 499 3162 et
531 3115 588 3179 pro
621 3100 761 3163 omnibus
794 3104 1013 3169 mercatoribus
1047 3114 1076 3167 et
1108 3107 1198 3168 sociis
1225 3107 1295 3170 suis
1328 3105 1364 3170 de
1397 3108 1492 3172 hansa
1525 3111 1660 3189 predicta
1695 3113 1934 3194 quibuscumque

100 3227 126 3282 et
155 3219 411 3300 quandocumque
442 3218 678 3294 confluentibus,
720 3218 759 3281 de
790 3227 890 3284 cetero
923 3237 981 3301 pro
1014 3222 1095 3285 bono
1126 3225 1212 3300 pacis
1245 3234 1459 3288 concesserunt
1492 3236 1522 3290 et
1553 3233 1777 3308 promisemut,
1819 3232 1934 3295 eisdem

100 3339 203 3402 maiori
226 3347 257 3402 et
279 3339 395 3401 ciuibus
417 3334 541 3400 London
563 3337 602 3400 ad
625 3338 853 3415 reparaciouem
881 3347 969 3418 porte
995 3339 1128 3417 predicte
1156 3341 1195 3404 ad
1224 3359 1350 3421 presens
1371 3342 1516 3408 ducentas
1538 3355 1568 3409 et
1589 3346 1791 3430 qnadraginta
1813 3366 1933 3414 marcas

100 3457 311 3540 sterlingorum
345 3456 445 3519 statim
478 3453 656 3530 soluendus,
700 3464 730 3518 et
767 3457 848 3535 qnod
881 3458 941 3535 ipsi
975 3463 1004 3519 et
1035 3441 1226 3522 successores
1258 3461 1324 3536 sni,
1369 3470 1551 3526 mercatores
1585 3464 1623 3527 de
1655 3463 1751 3529 hansa
1785 3467 1932 3547 predicta,

99 3573 204 3638 dictam
235 3582 356 3654 portam
384 3574 467 3636 omni
497 3581 631 3653 tempore
660 3576 861 3655 reparabunt,
895 3577 1039 3653 quociens
1068 3591 1190 3640 necesse
1220 3576 1325 3654 inerit,
1359 3588 1389 3642 et
1416 3581 1447 3643 iu
1476 3579 1650 3646 defensione
1677 3583 1811 3648 eiusdem
1835 3594 1932 3666 porte,

100 3695 240 3771 quociens
263 3709 329 3756 eam
352 3692 504 3755 custodire
527 3709 648 3755 necesse
669 3691 774 3769 luerit,
809 3705 1000 3772 quocumque
1029 3701 1166 3772 tempore
1195 3697 1319 3760 tercium
1342 3705 1460 3776 partem
1490 3700 1626 3764 custodie
1648 3701 1782 3780 predicte
1804 3707 1932 3770 sustine·

100 3813 168 3876 bunt
196 3815 262 3877 suis
289 3812 459 3890 sumptibus
487 3818 516 3875 et
543 3810 716 3874 hominibus
746 3813 902 3892 superius,
937 3820 966 3874 et
995 3812 1066 3876 dicti
1094 3813 1194 3877 maior
1219 3822 1250 3877 at
1278 3817 1360 3879 ciues
1393 3816 1469 3880 duas
1497 3826 1599 3898 partes
1628 3821 1764 3886 custodie
1797 3823 1931 3903 predicte

99 3930 230 3996 interius.

248 4049 284 4114 llt
305 4065 363 4128 pro
385 4051 442 4113 ista
464 4065 555 4129 pace,
583 4047 642 4112 linc
665 4058 694 4112 et
715 4050 876 4112 concordia
898 4058 1113 4113 concesseruut
1134 4050 1205 4114 dicti
1228 4054 1327 4116 mator
1349 4060 1377 4115 et
1398 4055 1480 4116 ciues
1503 4055 1616 4117 eisdem
1647 4060 1866 4124 mercatoribus
1895 4063 1931 4125 li·

98 4168 225 4232 bertates
247 4185 329 4246 suas,
353 4167 463 4248 quibus
484 4167 629 4234 hactenus
651 4168 876 4234 racionabiliter
897 4171 942 4232 vsi
963 4176 1047 4248 sunt,
1068 4168 1223 4234 habendas
1245 4171 1304 4258 sibi
1326 4179 1355 4234 et
1376 4174 1602 4236 successoribus
1625 4176 1688 4240 suis
1711 4181 1930 4244 mercatoribus

99 4285 133 4349 de
154 4287 250 4352 hansa
271 4286 407 4367 predicta
430 4288 663 4368 imperpetuum.
709 4287 744 4350 Et
766 4289 904 4369 insuper,
939 4287 1020 4366 quod
1050 4304 1105 4368 per
1134 4291 1363 4369 reparaciouem
1392 4299 1422 4352 et
1450 4292 1618 4355 custodiam
1648 4294 1814 4374 predictam
1838 4301 1929 4376 quieti

98 4407 153 4468 siut
174 4409 396 4486 imperpetuum
419 4405 456 4468 dc
478 4407 629 4488 muragio,
652 4414 796 4484 quantum
819 4407 849 4467 in
872 4407 915 4469 eis
938 4414 998 4482 est;
1022 4413 1050 4469 et
1073 4407 1154 4485 qnod
1177 4405 1267 4471 blada
1290 4425 1364 4486 sua,
1388 4426 1447 4487 qne
1469 4427 1525 4489 per
1546 4427 1598 4473 eos
1620 4409 1730 4474 adduci
1751 4416 1930 4496 contigerint
2020 4499 2022 4504 Ι

98 4524 264 4602 tendenda,
296 4526 328 4587 in
350 4525 471 4588 ciuitate
492 4523 646 4603 hospitare
668 4525 786 4604 possint
813 4532 842 4587 et
864 4521 993 4587 rendere
1021 4526 1052 4587 in
1075 4523 1220 4604 hospiciis
1242 4535 1272 4589 et
1294 4529 1445 4608 granariis
1467 4529 1530 4590 suis
1558 4544 1616 4606 per
1636 4528 1837 4614 qnadraginta
1864 4534 1928 4598 dics

100 4649 270 4723 atempore
295 4643 514 4723 bospitacionis
540 4643 690 4721 predicte,
724 4645 782 4707 nisi
804 4660 860 4723 per
887 4643 1042 4706 dominum
1072 4659 1175 4725 regem
1204 4643 1251 4708 rel
1279 4647 1424 4709 maiorem
1454 4654 1482 4708 et
1510 4647 1591 4710 ciues
1618 4655 1746 4726 propter
1774 4653 1928 4717 caristiam

99 4759 176 4824 bladi
211 4763 255 4826 rel
286 4762 377 4825 aliam
411 4778 535 4826 causam
570 4763 769 4826 necessariam
803 4762 972 4840 bospitacio
1006 4761 1142 4840 predicta
1176 4761 1348 4827 inhibeatur
1380 4780 1532 4842 expresse.
1582 4762 1806 4831 Concessernnt
1832 4772 1928 4834 eciam

100 4880 216 4958 eisdem,
239 4880 322 4960 quod
343 4879 474 4944 habeant
495 4878 725 4944 aldermannnm
748 4896 837 4946 suum
859 4889 951 4960 prout
973 4882 1131 4944 retroactis
1153 4883 1340 4960 temporibus
1362 4882 1546 4960 habuerunt3
1582 4885 1623 4948 ita
1646 4894 1756 4964 tamen,
1779 4888 1860 4966 quod
1882 4889 1927 4953 al·

100 4994 277 5072 dermannus
299 4999 351 5062 ille
372 5000 411 5062 sit
432 4999 469 5063 de
492 4999 629 5062 libertate
650 5000 781 5063 ciuitatis
802 4999 952 5077 predicte,
984 5007 1013 5062 et
1035 5001 1178 5078 quociens
1208 5016 1263 5078 per
1289 5001 1444 5078 predictos
1470 5011 1654 5068 mercatores
1682 5005 1796 5070 electus
1824 5005 1926 5085 luemt,

100 5117 203 5180 maiori
224 5126 253 5182 et
274 5117 478 5181 aldermannis
501 5118 630 5181 ciuitatis
652 5125 842 5199 presentetur
863 5125 892 5181 et
920 5133 1023 5181 coram
1051 5119 1094 5181 eis
1121 5127 1344 5182 sacramentum
1374 5118 1481 5198 iaciat,
1513 5129 1628 5184 rectum
1658 5132 1686 5186 et
1715 5124 1865 5188 iusticiam
1894 5129 1925 5190 in

99 5237 185 5298 curiis
205 5239 268 5302 suis
290 5238 528 5317 quibuscumque
549 5234 688 5315 lactendi,
711 5245 740 5300 et
762 5252 794 5300 se
816 5234 945 5300 habendi
968 5237 998 5300 in
1020 5235 1120 5301 olitcio
1143 5253 1216 5315 sno,
1249 5246 1342 5318 prout
1364 5238 1451 5304 saluo
1473 5241 1539 5303 iure
1562 5247 1591 5304 et
1612 5240 1828 5307 consuetudine
1851 5245 1925 5309 ciui-

99 5354 162 5419 tatis
182 5371 214 5418 se
235 5354 347 5419 habere
369 5354 489 5420 debebit
510 5364 539 5418 et
561 5357 728 5420 consueuit.
